2817 4659
219 226 277 311 60
631 256 890 323 cruorumrs

220 426 272 480 τες
294 402 542 491 ἀπεστράφησαν
570 406 616 481 εἰς
641 404 682 471 τύ
715 402 840 489 ὅσι’σω,
872 408 928 470 καί
945 402 1026 489 ύαὲρ
1045 406 1181 488 μυρίους
1202 404 1314 469 αύτοῖν

193 503 350 571 adultum
369 506 540 569 α’πέθανον.
581 513 648 579 τοῖς
678 507 714 569 δὲ
734 510 853 580 λοιποῖς
878 502 1016 588 σκηπτὸς
1036 503 1213 589 ούρανόθεν
1234 504 1316 567 ἐντέ-

219 627 320 687 neos,
349 607 405 667 καί
423 606 563 688 νεφελῶν
581 605 755 689 μνοφαδαῖν
772 604 828 668 καί
858 602 959 668 dccciv
978 603 1106 686 λαύριον
1137 605 1195 667 κατ’
1208 607 1315 686 Ιβρον-

217 707 280 768 τῶν
300 706 408 789 φωναὶ
435 698 576 777 ἅπαντας
602 702 802 788 ἐξέπληττον,
824 702 868 779 ὥς
893 701 969 777 τούς
997 706 1124 777 πλείους
1151 705 1195 791 τῷ
1216 700 1315 791 φόβῳ

218 804 449 888 διαφθαρῆναι.
492 798 647 867 πάντοθεν
668 805 704 867 δὲ
726 800 841 878 ύ’νέος
867 800 988 887 Φαραού
1011 801 1162 887 Σαβούρης
1181 800 1345 869 στενού-5

217 925 310 983 μενος
342 898 455 985 ἡττᾶτο
486 911 551 976 τοῖς
580 904 637 967 τού
659 899 760 986 φόβου
791 902 948 983 κύμασιν·
998 898 1034 977 dc
1068 901 1214 977 ἀτενίσας
1244 909 1315 975 ταῖς

218 1000 399 1088 ὀφθαλμοῖς
429 999 509 1087 αρύς
529 998 565 1065 τύ
589 999 768 1067 κατασεσύν
795 1006 852 1066 τοῦ
870 1004 1004 1083 τεύχους,
1026 999 1086 1087 cippi
1105 993 1233 1083 ἄγγελον
1255 1002 1317 1062 ἐστι’

216 1099 254 1165 τύ
277 1094 374 1185 οἴκρον
394 1094 517 1165 ἑστῶτα
537 1106 691 1183 λαμπροῖς
712 1103 940 1183 ἐστολισμένον,
961 1100 1016 1165 καὶ
1036 1098 1125 1183 παρὰ
1137 1106 1232 1183 χεῖρα
1251 1096 1314 1163 τύν

217 1203 353 1282 βασιλέα
368 1197 589 1265 Κανατύντιον
609 1204 800 1285 κρατοῦντα·
842 1195 877 1275 de
893 1199 1015 1276 εὐθέως
1033 1200 1220 1284 ταραχθείς,
1239 1206 1314 1273 τοῖς

218 1295 333 1381 μάγοις
353 1296 492 1364 θάνατον
511 1298 645 1383 ηἰτειλει.
685 1297 846 1382 μαθόντες
868 1300 905 1363 δὲ
924 1296 982 1383 τήν
995 1300 1110 1381 αἰτίαιν,
1131 1293 1312 1381 διεγνώκει-
1326 1323 1366 1364 ιο

218 1421 282 1464 σαν
300 1400 357 1461 τοῦ
388 1400 540 1483 φανέντος
561 1396 619 1481 τὴν
640 1398 778 1481 δύναμιν
804 1394 990 1483 ἑρμηνεύειν
1014 1399 1060 1485 τῷ
1078 1401 1221 1480 βασιλεῖ,
1265 1394 1314 1473 ὥς

218 1497 346 1579 μιιζοον,
367 1491 390 1579 ἢ
408 1500 475 1561 κατ’
498 1494 621 1573 αύτούς.
677 1499 735 1583 [δι’
755 1488 808 1583 ἧς]
832 1498 978 1561 ἐντεῦθεν
998 1493 1141 1579 ἐπιγνούς
1162 1498 1221 1559 τού
1241 1518 1312 1559 νιιν·

189 1593 314 1659 ῦδύνον
348 1592 407 1681 τὴν
437 1598 560 1678 αλτιόν,
592 1598 650 1660 aad
676 1596 814 1682 ἔμφοβος
842 1591 1026 1678 γενόμενος,
1048 1596 1191 1661 ἐκέλευσε
1208 1592 1249 1659 τοί
1272 1616 1312 1659 τε

218 1692 364 1777 μα’γγανο
383 1696 520 1777 καῆναι,
540 1696 595 1759 κατ’
612 1691 674 1759 ὅσα
696 1691 777 1779 πρὸς
796 1692 854 1780 τὴν
872 1698 932 1759 τού
943 1697 1081 1776 πολέμου
1102 1692 1313 1778 παρασκευὴν

127 1866 131 1873 Ι
218 1788 388 1876 ηύτρὲιιισε
424 1795 625 1878 διαλυθῆναι.
676 1792 776 1869 αύτὸς
814 1797 851 1859 δὲ
886 1792 946 1859 σύν
987 1802 1053 1869 τοῖς
1088 1795 1182 1869 ἰδιόις
1218 1797 1314 1880 φυγῇ
1327 1794 1365 1858 ι5

218 1893 331 1957 ὖδιὶοιε
343 1889 399 1975 τὴν
421 1894 559 1980 πατρίδα
579 1936 728 1958 .....
749 1892 902 1980 πρότερον
921 1896 1049 1983 λοιμικῇ
1066 1889 1146 1982 νόσῳ
1162 1895 1313 1981 διαφθα-

218 1994 335 2076 ρέντες.

63 2092 211 2165 mitia
305 2090 411 2179 Τούτῳ
441 2093 486 2180 τῷ
512 2086 576 2155 ἔτει
596 2090 818 2167 Κανστοὶντιος
851 2086 1074 2176 ὄΑύγονστος
1094 2090 1191 2174 μόνος
1210 2098 1309 2175 βασι-

219 2188 330 2275 λεύων,
351 2190 476 2257 Γάλλον
508 2189 641 2274 ἀνεψιὸν
662 2190 746 2258 ἴδιον
765 2189 916 2257 κοινωνὸν
935 2194 993 2277 τῆς
1008 2188 1126 2257 ἑαυτοῦ
1142 2194 1310 2275 βασιλείας

293 2412 316 2447 r.
334 2391 368 2447 τύ
390 2392 483 2449 dulcor
502 2394 540 2456 A,
557 2394 683 2481 τούαλσφ
696 2394 767 2464 vulg.
840 2412 865 2447 a.
884 2392 999 2449 ἐνέπεσε
1012 2408 1038 2457 e,
1056 2392 1157 2449 ἔπεσεν
1175 2396 1203 2445 λ.
1278 2394 1305 2446 3.

286 2470 388 2535 νεφῶν
404 2466 452 2516 alii
470 2462 550 2515 codd.
619 2466 747 2535 inopom:
770 2464 841 2516 hanc
858 2464 937 2517 codd
953 2466 1109 2535 scripturam
1126 2481 1174 2535 pro
1191 2465 1307 2553 λάβρον

287 2534 494 2605 relinquendam
515 2534 589 2585 duxi.
656 2530 701 2587 ⁶6.
720 2536 872 2607 τῆςφόβοο
890 2536 948 2587 Par.
1019 2554 1043 2603 ς.
1061 2535 1099 2607 τῷ
1116 2553 1307 2591 carmenum

289 2606 338 2657 alii
358 2596 499 2668 codd.,·rci
517 2602 680 2661 ταταττεσόν
695 2626 722 2660 τι
733 2608 765 2660 λ.
835 2625 861 2676 9.
879 2604 1083 2663 Κωνστύντιον
1097 2608 1255 2678 κρατοῦντα
1272 2610 1303 2671 Δ,

287 2677 443 2743 κρατοῦντα
458 2680 571 2730 Korou.
588 2677 675 2746 vulp,
693 2682 915 2733 Κωνσταντῑνον
933 2678 989 2729 alii.
1084 2693 1121 2729 ra.
1140 2677 1176 2731 δι’
1195 2668 1229 2743 ἧς
1247 2696 1302 2729 om.

287 2748 336 2799 alii
354 2746 432 2799 codd.
524 2748 561 2799 13.
579 2750 745 2823 γενόμενος]
771 2741 897 2819 γεγονώς
913 2748 961 2800 alii
979 2746 1057 2801 codd.
1126 2748 1161 2800 aci
1178 2764 1208 2803 τε
1227 2752 1303 2819 μαγ-

287 2822 376 2890 γανα]
394 2808 429 2872 τύ
447 2821 601 2889 τεταγμένα
619 2820 650 2873 Δ.
752 2822 791 2869 ati.
816 2820 912 2870 lacuna
936 2820 964 2869 in
984 2818 1061 2869 codd.
1082 2834 1172 2890 neque
1189 2818 1303 2873 adnota-

287 2898 350 2955 tur,
371 2906 461 2962 neque
481 2889 613 2963 expletur.
709 2906 747 2961 ¹9·
764 2883 886 2961 ἀνεψιὸν
902 2890 975 2947 ἴδιον
994 2907 1047 2945 om,
1066 2888 1094 2941 b.

218 3077 289 3133 verri
306 3085 370 3129 suut
384 3078 414 3129 in
426 3079 525 3147 lugam,
541 3076 611 3131 adeo
627 3085 658 3131 ut
674 3094 708 3131 ex
725 3094 817 3131 eorum
843 3078 951 3130 armatis
969 3076 1102 3130 militibus
1114 3092 1193 3146 supra
1208 3075 1303 3129 decern

218 3150 307 3202 millia
328 3152 396 3199 caesi
417 3148 647 3203 desiderarentur:
664 3151 784 3220 reliquos
797 3149 898 3200 fulmen
910 3150 1023 3201 caelitur
1035 3149 1180 3199 immissum
1195 3148 1303 3217 disper-

218 3222 273 3281 sit,
294 3228 323 3271 et
339 3221 501 3289 caliginosae
525 3221 620 3278 nubes,
638 3228 667 3273 et
684 3224 829 3273 effusorum
856 3218 984 3272 imbrium
1001 3220 1118 3279 diluvia,
1136 3221 1302 3271 tonltruum-

218 3308 274 3361 que
300 3292 405 3341 sonitus
430 3301 541 3343 cunctos
567 3299 646 3343 tanto
660 3299 768 3343 terrore
793 3292 932 3361 perculsit,
948 3298 979 3343 ut
995 3306 1028 3342 eo
1046 3290 1137 3359 plures
1156 3291 1301 3341 exanimati

217 3362 301 3415 vitam
320 3363 430 3430 penitus
447 3363 611 3414 amitterent
645 3361 746 3413 talibus
763 3361 846 3430 igitur
859 3361 988 3429 augustiis
999 3360 1113 3411 Sabores
1127 3376 1212 3413 novus
1231 3360 1302 3411 Pbr-

218 3450 266 3484 rao
288 3437 456 3494 constrictus,
474 3432 584 3485 terroris
601 3431 654 3484 sibi
672 3432 773 3485 incussi
790 3432 915 3484 fluctibus
935 3429 1139 3483 absorbebatur.
1176 3432 1303 3501 quocirca

217 3503 347 3555 coniectis
365 3502 399 3554 ad
421 3520 478 3554 eam
496 3504 566 3555 muri
591 3512 707 3572 partem,
732 3518 801 3573 quae
821 3502 941 3571 collapsa
963 3510 1036 3564 erat,
1061 3502 1157 3564 oculis,
1177 3502 1303 3571 angelum

217 3574 361 3643 splendido
390 3574 516 3626 amictum
538 3583 636 3625 ornatu
655 3589 757 3625 summa
785 3574 814 3623 in
832 3582 909 3642 parts
926 3581 1049 3635 stantem,
1067 3581 1095 3624 et
1113 3572 1302 3625 Constantium

215 3643 406 3713 imperatorem
431 3662 511 3697 manu
534 3652 673 3696 tenentem
689 3644 841 3717 conspicit.¹
876 3660 932 3714 quo
950 3644 1007 3695 viso
1024 3642 1200 3696 conturbatus
1218 3645 1303 3712 magis

215 3726 329 3767 mortem
345 3717 461 3768 minatus
488 3723 536 3767 est.
572 3715 615 3765 illi
641 3716 763 3784 portenti
787 3730 867 3766 causa
892 3716 997 3782 cognita
1021 3715 1073 3765 rim
1097 3714 1154 3765 eius
1172 3715 1302 3767 maiorem

216 3802 282 3847 esse,
301 3804 381 3856 quam
402 3802 472 3856 quae
490 3786 611 3854 superari
629 3795 728 3853 posset,
755 3785 811 3853 regi
830 3786 957 3837 nunciare
975 3784 1160 3837 decreverunt.
1195 3802 1303 3835 caussam

216 3857 310 3925 itaque
327 3858 443 3925 periculi
470 3854 598 3918 edoctus,
622 3856 774 3923 maiorique
797 3864 870 3907 metu
893 3856 1017 3918 territus,
1035 3854 1147 3907 bellicae
1163 3854 1302 3907 machinas

215 3925 345 3989 comburi,
366 3936 555 3997 caeterumque
574 3941 680 3977 omnem
695 3934 853 3995 apparatum
865 3927 1018 3988 comminui,
1035 3934 1064 3979 et
1080 3927 1205 3979 inutilem
1225 3926 1302 3979 reddi

215 3996 303 4049 iussit.
344 3997 403 4064 ipse
425 4014 489 4048 vero
511 4014 572 4049 cum
597 3995 652 4046 suis
680 3996 741 4062 loga
768 3998 883 4066 patriam
907 3995 1115 4065 insequebatur,
1143 4014 1197 4066 quo
1223 4006 1302 4050 aute

215 4082 296 4141 quam
314 4069 502 4135 pervenirent,
522 4067 633 4137 plurimi
652 4066 824 4133 pestilentiae
842 4066 936 4119 morbo
956 4068 1107 4136 consumpti
1127 4076 1197 4119 suut

76 4130 206 4203 Milia
285 4136 344 4191 tloc
361 4152 432 4189 anno
445 4137 618 4193 Constantios
630 4137 765 4208 Augustus
778 4154 838 4191 curn
856 4136 929 4191 solus
946 4136 1132 4191 moderaretur
1149 4137 1302 4209 imperium,
