2817 4659
438 239 810 307 cimouocmnuu.
1088 215 1170 302 535
1207 221 1209 226 '

69 396 147 461 τοῖς
159 378 315 468 Ἀραψιν.
355 385 441 452 nait
463 391 613 473 Ἀνδρέας
627 387 710 475 ἔφη·
753 391 858 472 βαβαί
868 413 927 476 σοι,
945 395 1069 479 Μαυΐα,
1089 419 1173 474 συμ.

67 483 248 565 βουλεύεις
276 484 310 549 τό
341 488 434 566 σῶμα
457 491 580 570 δοῦναι,
611 490 669 571 την
690 493 726 554 δὲ
746 487 837 555 σκιόν
858 493 1010 572 κατέχειν.
1054 491 1097 568 αἱς
1117 499 1172 558 δέ·

67 591 154 669 λεις,
176 584 257 664 μετα
278 589 411 669 Σεργέου
430 588 573 668 στοέχει·
617 589 677 670 ε’γιό
696 588 759 673 γόρ
781 593 876 654 τοῦτο
897 591 936 652 ου’
959 594 1049 657 ποιοῖ.
1091 593 1264 678 ripaltam

68 684 114 748 σέ
137 685 325 768 παρεῶντες,
347 683 426 766 πρός
444 684 500 750 τόν
518 682 602 772 θεόν,
620 683 664 764 cic
678 686 893 770 δυνατιότερόν
913 712 971 754 σου
988 682 1064 756 lm
1077 691 1174 776 δπερ-
1258 749 1261 760 .

38 782 228 862 ὄασπιζειν
253 783 441 868 Ῥωμαίοις,
473 786 731 872 καταφεόγομεν,
758 785 813 856 καί
833 789 882 852 ἐπ’
903 790 989 878 αὐτῷ
1008 789 1066 864 τός
1087 794 1175 856 ἑλπί-

71 886 139 956 δας
161 885 329 962 τιθέμεθα.
371 887 475 948 ταῦτα
493 883 599 971 εἰποόν,
621 891 703 967 λέγει
725 889 770 994 (ll
795 889 935 953 Μαυΐα·
957 887 1078 968 σώζου·
1121 893 1176 955 καί

70 985 213 1065 ἐξῆλθεν
233 982 297 1046 α’πό
313 987 491 1062 Δαμασκοῦ
511 988 566 1048 έπί
585 983 639 1066 την
653 985 839 1070 Μελιτινήν,
853 985 908 1052 διό
926 986 963 1051 τό
986 985 1041 1053 τόν
1056 986 1173 1072 τόραν-

70 1105 132 1145 νον
155 1075 236 1145 εἶναι
261 1085 295 1146 έν
318 1093 382 1158 τοῖς
415 1087 544 1166 μέρεσιν
561 1085 704 1170 ἐκείνοις,
727 1088 760 1151 ἐν
792 1079 840 1162 οἷς
860 1090 916 1152 κατ’
936 1088 1065 1174 Σέργιος
1084 1081 1171 1170 εἶχεν

71 1178 286 1265 πορεύεσθαι.
326 1182 370 1257 τός
395 1186 431 1248 δέ
450 1187 623 1262 κατέλαβεν
654 1183 710 1268 την
726 1183 929 1268 Ἀραβισσόν,
950 1185 1173 1274 περιτυγχάνει

27 1285 122 1368 rote]
145 1283 440 1368 κλεισονροφόλακι.
463 1282 503 1346 οδ
522 1279 581 1367 γὰρ
603 1283 794 1368 συναπήχθη
815 1289 861 1374 τρῖ
874 1287 1028 1376 τυράννῳ.
1071 1291 1170 1376 τούτῳ

72 1384 114 1445 δὲ
143 1378 333 1462 προστάττει
362 1391 556 1466 παρατηρεῖν
590 1381 647 1448 τόν
674 1387 806 1464 Σέργιον
833 1383 1092 1472 ἐπανερχόμενον,
1119 1389 1172 1450 ἵνα

70 1479 180 1544 adrev
199 1480 297 1568 α’γόγῃ
318 1479 398 1565 πρός
421 1476 526 1548 αότόν.
569 1481 667 1560 αότός
693 1485 729 1548 δὲ
748 1484 907 1568 ἐπορεύθη
930 1487 975 1560 εἰς
993 1487 1172 1572 Ἀμνησόιν,

71 1580 132 1644 τόν
140 1583 270 1662 Σέργιον
288 1579 499 1665 ἐκδεχόμενος.
522 1581 563 1648 τό
579 1585 615 1648 δὲ
635 1588 839 1666 πεπραγμένα
852 1587 896 1672 τῷ
907 1589 1038 1666 βασιλεῖ
1053 1587 1171 1668 έδηλω-

71 1703 142 1742 σεν.
162 1682 293 1761 Σέργιος
308 1684 343 1746 δὲ
360 1678 530 1764 στοιχησας
547 1681 630 1763 μετὰ
640 1685 775 1746 Μαυΐοο
789 1681 827 1748 τό
842 1685 1008 1768 δοκοῦντα,
1029 1689 1200 1768 παρέλα-Β

27 1789 63 1848 15
70 1785 132 1861 βεν
155 1781 310 1844 aalma»
329 1778 504 1866 στρατηγόν
522 1783 664 1864 Ἀράβων
689 1781 771 1862 μετὰ
803 1783 955 1868 βοηθείας
974 1789 1172 1868 βαρβαρικῆς
1181 1800 1270 1852 Veto
1306 1837 1311 1842 .

71 1888 260 1960 συμμαχεῖν
273 1884 318 1968 τῷ
330 1883 492 1968 Σαβωριῖρ.
533 1880 804 1965 προπορευόμενος
818 1881 891 1950 aar&
905 1887 1033 1969 Σέργιος
1045 1887 1088 1970 τῷ
1101 1888 1171 1948 Φα-

72 1978 175 2064 διιλᾴἷ,
206 1982 261 2043 καί
285 1983 465 2061 περιχαρεῖς
486 1978 564 2064 πρὸς
583 1979 750 2064 Σαβώριον
779 1984 1013 2068 α’περχόμενος,
1041 1987 1169 2066 περιπέ.

71 2100 148 2141 πτει
170 2079 205 2141 έν
226 2087 297 2154 ταῖς
315 2080 516 2162 κλεισοόραις
533 2089 599 2155 τοῖς
622 2083 681 2146 τοῦ
697 2075 851 2162 Ἀνδρέου
873 2080 989 2162 λόχοις.
1022 2089 1075 2148 καὶ
1097 2085 1169 2146 τοῦ·

72 2199 131 2242 τον
150 2177 370 2264 κρατήσαντες,
390 2176 471 2264 πρός
491 2179 644 2262 Ἀνδρέαν
664 2183 800 2264 φέρουσι
821 2181 959 2260 δέσμιον.
1002 2179 1071 2245 όδὲ
1092 2184 1170 2261 Σέρ-

27 2301 144 2362 αογιος
165 2278 244 2365 cepi
262 2279 315 2344 τόν
336 2281 495 2363 Ἀνδρέαν,
517 2275 623 2362 ῥίπτει
647 2275 760 2346 ἑαυτὸν
782 2279 828 2355 εἰς
842 2277 917 2356 τούς
936 2276 1037 2354 πόδας
1058 2278 1169 2366 odacri,

149 2467 177 2532 d·
194 2465 363 2535 παριοῦντες
381 2465 412 2518 l.
504 2465 686 2536 δυνατωτέρα
703 2481 756 2520 σου
775 2465 866 2520 ὄνεια
888 2467 907 2518 l.
987 2484 1012 2534 η.
1033 2459 1084 2530 τὴν
1105 2463 1167 2514 add.

148 2554 183 2588 ex
202 2539 233 2588 l.
329 2531 379 2593 τόν
396 2537 457 2589 αδδ.
476 2553 509 2586 ex
529 2541 558 2586 Δ.
656 2552 681 2601 9.
703 2536 899 2608 περιτυγχάνει
922 2537 954 2599 ll,
973 2554 1076 2606 παρατ.
1096 2536 1169 2602 vulg.

151 2625 193 2660 νο.
215 2612 395 2662 coronarit.
437 2620 453 2656 0
491 2603 649 2676 Ιν-ἄγγΑ.
742 2611 781 2660 15.
802 2607 976 2673 ψαλόδηνέ.
1054 2611 1092 2660 16.
1111 2609 1170 2658 Σα-

145 2677 229 2749 βιόρηι
244 2681 270 2798 ld
290 2679 310 2729 l.
416 2696 456 2749 ιη.
478 2676 602 2748 Φαδαλρῖ
622 2679 645 2727 Α
663 2677 683 2726 f.
779 2681 941 2750 περιπίπτει
958 2679 990 2734 ἐν
1009 2679 1039 2741 Α,
1059 2693 1167 2748 παραπ.

148 2752 188 2808 εἰς
208 2767 278 2820 virg.

75 2919 127 2970 bes
158 2916 339 2969 collationem.
368 2919 451 2968 miror
475 2927 520 2982 te,
537 2919 646 2984 Mevia,
674 2915 820 2988 respondet
838 2915 967 2979 Andreas,
986 2917 1032 2987 qui
1051 2915 1168 2968 solidum

73 3006 175 3057 corpus
193 2987 274 3050 dare,
293 2987 413 3039 umbram
436 2989 608 3043 solummodo
636 2990 751 3041 retinere
777 2989 909 3041 consulis:
934 2989 1066 3057 paciscere
1088 2996 1169 3056 prout

75 3063 131 3112 lert
149 3059 274 3110 voluntas
292 3077 351 3110 curn
369 3061 479 3126 Sergio,
498 3061 573 3130 quod
593 3063 663 3129 petis
680 3077 812 3130 nusquam
834 3075 958 3127 exequar.
994 3059 1168 3128 quamobrem

73 3140 102 3183 te
121 3129 251 3198 deinceps
273 3131 375 3192 relicto,
397 3131 432 3182 ad
453 3130 543 3194 deum,
563 3133 610 3201 qui
628 3132 749 3200 potentia
767 3139 795 3182 te
813 3138 930 3198 superet,
949 3129 1050 3199 quique
1069 3131 1182 3180 Roma-'

72 3220 135 3260 isos,
155 3217 211 3269 quo
232 3201 293 3253 volt
303 3201 392 3263 modo,
408 3211 500 3270 potest
517 3212 665 3272 protegere,
686 3203 880 3269 confugiamus:
899 3200 926 3250 iu
945 3216 977 3250 eo
997 3217 1058 3270 spes
1079 3201 1166 3251 omnis

73 3281 170 3324 nostra
187 3272 238 3322 sita
258 3281 305 3322 est.
346 3271 387 3323 liis
407 3271 495 3336 dictis,
523 3275 644 3336 Mariae,
668 3274 737 3336 vale,
754 3273 834 3334 infit,
851 3279 879 3322 et
898 3271 1026 3322 Damasco
1046 3287 1166 3340 egressus

73 3344 153 3394 veuit
172 3341 337 3406 Melitinem,
354 3343 427 3412 quod
446 3351 573 3409 tyrannus
593 3345 669 3396 iniis
683 3343 805 3413 partibus
825 3341 1013 3404 diversaretur,
1031 3358 1080 3412 per
1099 3357 1168 3410 quas

72 3414 185 3480 Sergius
203 3415 457 3467 essettransiturus.
501 3426 532 3467 ut
557 3415 711 3468 Arabissurn
733 3413 856 3484 appulit,
879 3411 913 3464 dc
944 3412 1024 3462 rebus
1042 3409 1165 3478 gerendis

71 3503 135 3536 cum
154 3485 335 3550 angustiarum
352 3483 464 3536 custode
483 3494 589 3551 tractam
608 3484 682 3536 haud
700 3485 769 3536 enim
794 3485 843 3534 ille
860 3484 966 3549 tyranni
985 3484 1060 3549 signa
1079 3481 1168 3531 luerat

71 3563 217 3625 sequutus,
234 3554 298 3606 huic
316 3555 472 3606 redeuntem
482 3557 603 3624 Sergium
622 3555 763 3607 observare
782 3556 927 3624 praecipit,
950 3569 1066 3619 eumque
1085 3551 1117 3600 ad
1137 3569 1166 3601 se

71 3626 220 3677 adducere.
265 3628 323 3696 ipse
348 3621 501 3678 Amocsiam
528 3643 683 3696 progressus
708 3633 764 3688 est,
789 3625 834 3676 ubi
855 3621 1027 3676 retinendum
1045 3622 1166 3688 Sergium

72 3704 247 3765 expectaret:
268 3698 375 3748 interint
385 3696 418 3747 de
437 3696 516 3748 rebus
534 3717 549 3747 α
562 3715 590 3749 se
609 3698 690 3765 gestis
708 3697 895 3765 imperatorem
909 3692 998 3744 reddit
1015 3693 1165 3744 certiorem.

71 3768 184 3834 Sergius
202 3784 272 3836 quae
291 3768 344 3820 sibi
361 3765 506 3818 libuissent
524 3786 585 3818 cum
596 3768 683 3818 Maria
701 3776 804 3836 pactus,
824 3765 966 3818 Phedalam
980 3762 1094 3814 Arabum
1114 3763 1167 3812 du·

71 3855 211 3891 cenicum
242 3839 416 3890 auxiliaribus
441 3839 613 3890 barbarorum
643 3840 728 3906 copiis
758 3839 869 3890 Saborio
893 3834 1046 3887 militaturis
1077 3849 1165 3884 secum

71 3911 197 3977 accepit,
215 3918 244 3960 et
255 3908 397 3960 Pliadalam
416 3926 604 3978 praecurrens,
625 3908 689 3959 dum
707 3911 795 3960 laetus
813 3907 956 3958 admodum
972 3903 1005 3954 ad
1023 3903 1166 3956 Saborium

72 3979 236 4041 contendit,
257 3979 286 4030 in
304 3980 414 4030 iusidias
432 3981 467 4032 ad
489 3981 578 4032 lauces
598 3982 730 4031 montium
748 3979 781 4030 ab
800 3977 906 4029 Andreo
924 3976 975 4026 sibi
996 3984 1101 4041 paratas
1122 3977 1165 4026 iu-

72 4051 162 4102 cidit:
180 4067 264 4120 qrrnre
284 4050 524 4117 comprehensum,
551 4061 579 4102 et
595 4053 710 4102 vinculis
728 4050 867 4117 alligatum
887 4048 921 4097 ed
939 4045 1068 4098 dudreum
1089 4045 1166 4096 dese-

73 4131 150 4175 runt
199 4121 308 4191 Sergius
328 4120 462 4174 andream
490 4125 578 4194 primo
604 4122 788 4193 conspicatus,
818 4117 853 4170 ad
882 4120 940 4170 eius
958 4115 1041 4186 pedes
1062 4119 1165 4170 veniam
