2817 4659
449 222 817 327 caaouoouiruu.
1121 270 1175 355 97

88 426 251 506 εἰπόντων,
273 418 323 488 ὅτι
334 421 410 498 eosic
430 425 605 508 κρείττονας
623 424 744 491 πάντων
764 420 827 491 ὦδε
841 427 924 510 ἔχεις
934 433 989 494 καί
999 428 1083 517 δρᾷς·
1105 430 1257 509 dr1n.p‚53

88 523 208 605 κράξας
227 525 345 606 βιαίας
365 520 447 607 ἔφη·
497 522 586 587 δεινὰ
611 523 775 604 ‘Populus
804 526 821 609 p‘
844 530 990 609 βασιλεία
1011 530 1179 613 ὑπομενεῖ,

89 627 135 698 εἰς
164 620 433 687 Οδαλτιαινιανδν
462 622 601 705 λήξασα,
642 627 674 689 εἰ
697 626 904 707 Σαυρομάται
933 632 1068 691 τοιοῦτοι
1096 620 1181 707 ὄντες

84 720 256 802 Ῥωμαίων
288 724 575 797 καττξανίοτανται.
632 726 667 785 εἰι
696 725 732 787 δὲ
760 728 814 805 τῆς
835 727 1027 801 διαστιίσεοος
1052 728 1106 791 καί
1126 730 1183 791 τοῦ

61 820 208 902 δαρδτοο
230 822 296 883 ταῖν
313 814 430 900 χειρῶν
444 822 561 903 φλεβὸς
592 820 757 905 ῥαγείσης,
773 820 826 885 καί
844 827 988 889 πλείστου
1012 826 1182 889 α’ναδοθέν.

90 944 143 993 τος
164 921 311 1003 αἵματος,
334 916 368 981 ἔν
389 942 451 981 τινι
472 924 616 1007 φρουρίῳ
637 920 776 993 Γαλλίας
798 921 933 1006 θνήσκει,
952 929 1028 1005 μηνί
1041 928 1107 1011 Δίῳ
1129 926 1181 1008 ιζ,

91 1020 288 1093 ῐνδινιτιῶνος
307 1016 344 1097 γ’.
386 1020 418 1081 Γ
414 1021 566 1101 ρατιανοῦ
585 1022 619 1082 δὲ
640 1020 698 1081 τοῦ
720 1016 794 1083 υἱοῦ
814 1021 912 1083 adrui
931 1022 974 1103 μή
997 1022 1183 1105 εὑρεθέντος

91 1119 214 1197 ἐκεῖσε,
246 1118 302 1179 καί
322 1116 498 1191 Οὐάλεντος
529 1120 563 1181 ἐν
579 1112 753 1206 Ἀντιοχείηι
784 1117 956 1202 διάγοντος,
986 1120 1020 1183 τδ
1051 1122 1183 1204 εὑρεθὲν

92 1217 307 1297 στρατόπεδον
327 1219 360 1281 ἐν
380 1221 424 1303 τῷ
441 1216 537 1303 τόπῳ,
555 1218 589 1281 ἒν
613 1208 641 1305 ᾧ
663 1215 860 1302 ἐτελεύτησεν
885 1219 1144 1296 Οὐαλεντινιανός
1164 1218 1182 1283 δ

51 1318 206 1397 τομέγας,
230 1315 488 1380 Ουἀλεντινιανδν
506 1316 559 1380 τὸν
577 1313 646 1380 υἱὸν
674 1308 786 1397 odensi,
815 1310 888 1381 ὄντα
919 1321 994 1382 ἐτοῖν
1023 1316 1051 1381 δ’
1071 1318 1183 1404 α’νηγό-

93 1437 210 1498 ρευσεν
229 1406 435 1497 Αὔγουστον,
463 1416 691 1499 συμπαρούσης
722 1418 777 1479 καί
801 1416 966 1499 Ἰουστίνης
987 1420 1042 1500 τῆς
1062 1417 1182 1501 μητρὸς

94 1514 198 1576 ositeri
224 1513 259 1575 ἐν
284 1516 322 1598 τῇ
347 1514 520 1601 Παννονίηι.
572 1514 663 1578 τοῦτο
691 1512 806 1593 polide
836 1516 867 1578 Γ
864 1513 1014 1596 ρατιανός
1040 1512 1091 1579 τὸν
1122 1520 1208 1597 pinli

93 1609 238 1696 α’δτλφδν
261 1611 360 1674 αὐτοῦ
389 1604 474 1692 εἶχεν
504 1611 775 1693 συμβασιλεύοντα
796 1614 869 1691 μεθ’
892 1608 1027 1693 ἑαυτοῦ,
1048 1614 1123 1687 reric
1145 1618 1181 1681 δὲ

92 1710 372 1792 τίναγαρεδσαντας
387 1706 550 1794 διαφόροις
570 1708 696 1791 τρόποις
710 1710 940 1793 ἐτιμωρήσατο,
963 1709 1014 1775 διὰ
1035 1711 1068 1775 ro*
1091 1712 1180 1795 παραὶ

49 1820 84 1878 15
92 1812 224 1891 γτοὶμην
254 1809 357 1870 adteri
379 1811 471 1872 τοῦτο
500 1810 657 1890 γενέσθαι.
725 1807 850 1891 Οδάλης
883 1812 918 1874 δὲ
944 1808 1021 1875 κατὰ
1050 1814 1079 1873 Γ
1078 1808 1182 1875 irene

96 1905 261 1989 Τραϊανὸν
279 1904 455 1989 στρατηγὸν
474 1911 600 1988 πέμπει,
621 1903 657 1982 iic
674 1906 816 1990 ήττηθείς
838 1908 969 1989 α’τίμως,
992 1912 1181 1989 α’νέκαμψεν.

93 2000 326 2085 ὀνειδιζόμενος
347 2007 382 2067 δὲ
401 2010 560 2085 μαλακίαν
579 2002 640 2068 iord
670 2002 851 2091 Ου’άλεντυς,
874 2007 1082 2089 ἀπεκρίνατο·
1125 2002 1182 2069 οὔκ

94 2108 157 2186 ἐγώ
181 2098 332 2187 ἧττημαι,
351 2108 501 2183 βασιλεῦ·
544 2103 623 2167 ἄλλα
643 2102 717 2167 αδδ
740 2102 819 2166 κατὰ
839 2106 915 2166 θεοῦ
936 2102 1182 2187 στρατευίμενος

94 2207 152 2267 καί
170 2202 230 2289 τήν
250 2204 354 2267 edred
377 2202 475 2288 ῥοπήν
498 2205 653 2287 προξενῶν
682 2212 746 2277 τοῖς
766 2202 949 2285 βαρβάροις.
991 2202 1126 2278 πολλοὺς
1147 2204 1182 2267 di

171 2456 195 2489 τ.
216 2438 288 2505 ἔχεις
305 2440 354 2490 arrd
371 2434 439 2509 δρᾷς
457 2438 487 2499 Α,
507 2438 587 2509 ἔχεις,
607 2430 656 2499 οὓς
672 2438 720 2489 eoi
739 2433 807 2507 δρᾷς
825 2435 895 2503 vulg.
990 2452 1016 2487 a·
1036 2432 1173 2509 ὑπομενεῖ

166 2506 306 2581 ὑπομείνῃ
324 2512 355 2571 Δ,
375 2507 510 2577 δπυμίνει
527 2510 599 2577 vulg.
682 2511 708 2561 6.
727 2509 773 2573 τῆς
790 2510 906 2567 Γαλλίας
923 2504 968 2557 alii
988 2506 1067 2559 codd.
1138 2508 1169 2572 ιζ

168 2578 241 2641 (A.
378 2595 418 2628 ro.
438 2577 504 2631 ὄντα
523 2576 618 2643 Δ,ιδς
638 2578 709 2645 vulg.
818 2580 1076 2649 ια.τήΠαννονίρ
1095 2577 1179 2649 dap

167 2652 320 2717 Παννονίρ
333 2647 416 2718 χώρη
434 2649 504 2716 vulg.
613 2649 651 2700 13.
668 2652 733 2721 μεθ’
752 2647 851 2701 ἑαυτοῦ
869 2648 910 2710 λ,
928 2652 987 2717 μετ’
1007 2647 1090 2701 αὐτοῦ
1108 2649 1179 2714 vulg.

168 2718 390 2843 ιηὗ.ᾱ(ι)1ι.’τιέλης·-
407 2723 511 2791 πέμπει
527 2736 579 2770 orn.
596 2720 627 2771 A.
742 2722 779 2771 ιδ.
801 2712 997 2790 Τραγιανόνλν
1019 2718 1037 2769 s.
1141 2722 1178 2771 ιθ.

202 2807 218 2839 a
285 2805 320 2840 ex
336 2791 368 2840 A.

95 2992 199 3043 inisero
218 2997 248 3041 et
265 2988 424 3059 despicabili
444 2991 533 3045 forent
551 2992 670 3061 eorporis
687 2990 820 3061 aspectui
839 2990 1047 3059 responderunt:
1066 2987 1178 3059 reliquis

94 3063 309 3131 praestantiores
327 3060 371 3111 hio
386 3069 511 3115 teneret
527 3079 614 3114 coram
631 3064 773 3132 conspicis.
794 3060 937 3113 violentius
954 3061 1002 3111 ille
1022 3061 1178 3122 inclamans,

60 3128 63 3133 ’
96 3132 184 3183 dixit:
203 3132 275 3183 male
293 3134 382 3200 agitur
399 3150 457 3184 cunr
474 3136 595 3184 Romano
611 3134 735 3202 imperio,
754 3132 827 3201 q'uod
845 3132 873 3182 in
892 3131 1110 3183 Valentinianum
1128 3130 1178 3182 de-

95 3204 157 3255 siit:
175 3219 240 3254 eum
258 3202 431 3255 Sauromatae
445 3204 514 3256 adeo
531 3205 600 3255 viles
615 3203 740 3255 adversus
750 3206 882 3254 liomenos
897 3202 1032 3270 insurgere
1050 3200 1177 3253 audeant.

95 3290 129 3323 ex
145 3272 277 3323 clansoris
302 3290 365 3324 vero
391 3275 566 3327 contentione
593 3281 621 3326 et
642 3292 767 3325 manuum
793 3274 911 3325 violento
942 3272 1080 3341 comploeu
1099 3280 1178 3339 rupta

94 3360 180 3401 sena.
199 3353 228 3394 et
246 3344 363 3410 plurimo
381 3346 512 3412 sanguine
530 3346 635 3405 emisso,
654 3346 754 3396 mensis
771 3344 817 3394 Dii
835 3342 937 3394 decimo
960 3344 1085 3413 septimo,
1106 3339 1178 3391 indi-

95 3416 187 3465 ctione
207 3414 290 3465 tertia
305 3414 419 3465 moritur
438 3417 467 3465 in
485 3416 600 3485 quodam
618 3415 723 3467 Galliae
741 3414 860 3466 castello.
897 3414 1026 3466 Gratiano
1045 3413 1102 3463 eius
1121 3410 1177 3460 filio

96 3484 224 3545 absente,
253 3493 282 3534 et
299 3484 415 3536 Valente
432 3485 590 3537 Antioohiae
614 3484 740 3553 degente,
767 3485 897 3536 exercitus
915 3484 975 3535 loco
994 3498 1048 3553 quo
1068 3496 1178 3547 nragous

94 3554 306 3605 Valentinianos
323 3554 394 3606 obiit
413 3564 544 3624 repertus,
563 3556 780 3607 Valentinianum
799 3556 856 3605 eius
870 3555 956 3605 filiurn
974 3552 1177 3621 quadriennem,

96 3625 200 3677 lustina
221 3626 280 3675 eius
300 3634 386 3676 rnatre
409 3626 439 3675 in
456 3626 607 3678 Pannoniae
629 3626 766 3695 provincia
790 3632 940 3695 praesente,
965 3628 1111 3690 Augustum
1129 3618 1178 3669 de-

97 3695 216 3746 clararit.
253 3695 401 3747 Gratianus
429 3712 462 3746 eo
480 3704 608 3764 percepto
636 3697 743 3747 tratrem
770 3694 878 3764 quidem
897 3697 925 3745 in
943 3692 1047 3761 imperii
1065 3706 1176 3741 consor-

97 3767 162 3815 tiam
178 3763 306 3817 admisit:
331 3764 409 3835 quod
434 3774 523 3817 autem
547 3784 581 3818 ex
606 3767 715 3835 proprio
732 3766 846 3817 consilio
869 3762 897 3815 id
921 3780 976 3815 non
995 3760 1176 3831 processisset,

98 3837 170 3888 variis
187 3836 280 3887 modis
299 3836 428 3888 facinoris
446 3844 553 3888 autores
572 3837 643 3888 ultus
663 3845 711 3887 eet.
747 3836 810 3889 hino
828 3835 928 3887 Valens
952 3832 1090 3883 adversum
1107 3830 1178 3881 Got-

101 3904 156 3957 llaos
170 3908 322 3959 Traianum
341 3906 437 3957 docem
457 3906 557 3968 mittit,
577 3908 623 3975 qui
642 3906 755 3977 turpiter
782 3907 878 3968 victus,
896 3901 1031 3954 remeavit.
1066 3900 1177 3952 Valenti

100 3990 158 4026 vero
182 3979 270 4029 animi
297 3976 444 4028 mollitiem
473 3975 659 4045 exprobranti,
679 3974 831 4047 respoudit:
858 3990 914 4025 noo
941 3988 989 4039 ego
1008 3972 1178 4031 sinuosum,

102 4045 254 4113 inperator,
287 4046 337 4099 sed
351 4056 400 4108 tu,
419 4048 466 4115 qni
488 4046 563 4098 bello
587 4048 616 4099 in
640 4046 720 4099 deum
748 4046 827 4099 illato
847 4043 973 4096 victorine
992 4050 1125 4095 rnorneuta
1150 4042 1179 4092 in

99 4124 183 4181 pute·
200 4118 384 4169 barbarorum
407 4117 573 4188 propendere
598 4118 717 4187 coegisti.
761 4124 895 4169 caeterum
915 4129 970 4167 non
988 4112 1120 4165 modicam
1138 4112 1179 4162 ri-

178 4220 372 4291 ssenpdanes.
973 4232 987 4286 7
