2817 4659
223 181 281 285 48
628 204 886 273 monuistis

223 381 325 439 σαμεν
348 359 542 423 Ἀθανασιλιυ
570 356 774 435 άπειλοόντσς
798 352 1007 451 κωλόεινγτῆν
1028 364 1236 440 σιτοπομπίαν
1254 360 1315 447 τήν

220 458 393 541 ἐρχομένην
423 458 458 534 ἐξ
486 458 653 539 Acronus
680 460 728 532 εἰς
757 457 795 521 τό
818 452 1009 535 Βυζάντιον.
1050 451 1124 523 ὅθεν
1145 457 1201 523 καί
1222 459 1314 543 κινὴ-

222 579 334 630 σαντες
364 556 410 629 εἰς
443 554 542 639 σ’ργην
576 555 634 621 τόν
660 554 865 642 φιλόχριστον
893 558 1046 637 βασιλέα,
1067 559 1314 641 παρεσκεύασαν

220 657 363 738 ίξορίοαι
389 651 446 717 τόν
478 656 579 736 μέγαν
610 655 800 721 Ἀθανάσιον
827 654 875 729 είς
905 658 1052 739 Τρίβεριν
1084 658 1139 739 τῆς
1158 659 1312 736 Γαλλίας.

216 747 413 821 Ἀθανασιόυ
434 754 470 819 δὲ
489 756 712 836 ἑξορισθὲντος,
725 746 852 839 Ἀρειος
872 753 967 817 πάλιν
987 752 1157 839 ἐτάραττεν
1178 754 1342 839 simi-5

219 874 348 937 γυατον.
369 849 463 937 γνοός
486 856 522 917 rii
543 850 559 918 ὅ
577 848 736 935 βασιλεύς,
758 849 1045 934 μεταπεμψάμενος
1066 850 1181 936 αὐτόν,
1200 854 1313 939 η’ριότα

221 954 254 1016 εἰ
271 960 335 1029 τοῖς
364 954 398 1016 ἐν
420 956 539 1040 Νικαίρ
567 950 701 1034 δόγμασι
730 950 914 1017 συντίθεται
953 954 1027 1033 περί
1050 954 1108 1015 τοῦ
1124 949 1311 1035 άμοουσίσυ,

151 1093 154 1103 ·
221 1054 279 1116 τοῦ
297 1055 331 1115 δὲ
347 1053 422 1132 μεθ’
447 1046 544 1134 όρκυυ
573 1052 714 1126 εἰπόντος
737 1053 967 1131 συντίθεσθαι,
994 1046 1084 1114 δόλον
1103 1072 1139 1114 τε
1161 1052 1217 1116 καί
1232 1056 1314 1135 νόν,

222 1150 267 1226 ὥς
290 1150 352 1231 οἷεί,
374 1152 593 1233 ἐργαζομένου·
615 1148 673 1213 risio
692 1149 755 1233 γάρ
775 1150 1132 1235 χάρτας.σσντε’θεικεν·
1175 1149 1230 1215 ἕνα
1249 1154 1312 1232 μὲν

192 1246 303 1335 caindo
321 1252 381 1315 τοῦ
400 1248 587 1331 όμοουσίου,
607 1248 745 1334 θάτερον
764 1250 800 1315 δὲ
820 1252 890 1314 κατ’
906 1245 1083 1314 αότσό·’ό“ν
1102 1249 1158 1313 καί
1173 1252 1215 1315 δι’
1232 1246 1310 1315 inn-
1324 1277 1363 1319 ιο

220 1350 280 1414 τοῦ
301 1348 459 1434 ἔγραψεν,
480 1347 536 1415 τόν
556 1354 680 1435 πρῶτον
702 1352 745 1413 δι’
764 1342 873 1432 ἑτέρου
892 1346 1037 1433 γράψας·
1078 1352 1183 1414 nerias
1203 1354 1312 1414 τοίνυν

220 1447 276 1513 τόν
294 1449 439 1530 βασιλέα,
462 1445 584 1528 ὄμόσας
602 1442 683 1513 οὕτω
704 1444 885 1526 πιστοόειν,
907 1447 1056 1513 ιιελεόσαι
1074 1450 1228 1532 δεχθῆναι
1247 1446 1313 1513 ori-

221 1546 277 1613 τόν
296 1549 330 1614 ἐν
346 1552 385 1633 τῇ
410 1550 565 1634 καθολικῇ
587 1549 743 1634 ε’κιιλησιρι.
793 1544 870 1632 άπερ
890 1544 1007 1628 μαθών
1026 1545 1045 1611 ό
1061 1551 1148 1623 θεῖος
1167 1549 1312 1626 Ἀλέξαν-

221 1650 317 1730 δρος,
346 1648 390 1737 τῷ
407 1650 474 1737 &sagi
490 1648 722 1729 προοίκλαυσεν
742 1648 787 1721 είς
808 1640 865 1731 την
884 1649 1079 1731 καλουμένην
1099 1645 1237 1731 Εἰρήνην
1256 1648 1309 1711 ἐκ·

220 1749 366 1829 κλησίιιν·
388 1743 445 1809 καί
464 1743 557 1829 λόγου
576 1746 694 1810 θάττον
713 1744 734 1829 ἦ
755 1746 829 1809 θεία
850 1746 922 1828 δίκη
944 1748 1083 1831 μετῆλθε
1103 1739 1307 1828 τόνἎρειον,
1322 1750 1361 1812 ι5

149 1905 154 1915 ,
220 1842 380 1921 ἐντόπους
411 1844 510 1923 α’ξιλιις
543 1846 606 1909 τάν
635 1846 692 1928 τῆς
721 1844 862 1928 γλάσσης
883 1841 1120 1928 άμαρευμάτων
1144 1844 1311 1925 ἐκκόψασα

219 1946 278 2009 τοῦ
297 1946 364 2032 ζῇν,
384 1946 419 2011 ἐν
438 1947 482 2029 τῷ
501 1945 559 2008 νῦν
575 1946 631 2008 καί
648 1945 684 2008 ἐν
702 1946 746 2031 τῷ
766 1944 930 2025 μέλλοντι,
961 1945 1023 2007 τάν
1043 1942 1228 2027 σπλάγχνων
1247 1944 1312 2008 osi-

221 2047 283 2108 sosi
309 2045 560 2125 κατενεχθέντων
588 2043 623 2106 ἐν
654 2038 806 2129 άφόδσις,
835 2045 909 2105 καθ’
934 2040 974 2126 ἢν
995 2037 1082 2127 ὥραν
1102 2040 1229 2124 ἔμελλεν
1245 2044 1310 2107 τοῖν

222 2138 317 2227 ἱεράν
344 2142 480 2221 άναξίως
508 2144 681 2225 ε’ττιβαίνειν
712 2142 899 2227 περιβόλων.
947 2144 1047 2207 ταῦτα
1068 2143 1112 2228 τῷ
1132 2140 1312 2229 τριακοστῷ

184 2240 335 2333 ὓπράτρι
364 2239 428 2309 ἔτει
459 2245 564 2328 γέγονε
595 2246 657 2308 τοῦ
672 2238 812 2327 μεγάλου
833 2243 1097 2323 Κωνστοιντίνσυ,
1129 2240 1187 2305 τοῦ
1213 2238 1306 2303 θείου
1316 2266 1360 2309 ao

290 2427 318 2493 4.
339 2429 468 2499 Τρίβιριν
495 2444 529 2491 a,
556 2430 668 2497 Τίβεριν
690 2426 714 2482 Δ
737 2426 791 2491 ei,
816 2427 888 2500 sputi
906 2426 1033 2495 Tyberim
1056 2426 1147 2479 Anast.
1175 2421 1309 2497 Τίβιῤῥιν

289 2496 361 2563 vulg.
452 2514 478 2566 γ.
497 2500 602 2553 ελΝιν.
619 2498 679 2549 Ραι.
776 2501 802 2550 8.
822 2502 871 2552 καλ
888 2498 950 2549 add.
972 2514 1004 2549 ex
1021 2498 1052 2549 λ.
1150 2498 1188 2547 ι6.
1207 2496 1306 2567 ἀμαρ-

290 2566 423 2639 τομάτων
445 2583 471 2617 a·
598 2569 639 2621 ra.
666 2568 699 2625 ἐν
723 2564 846 2641 άφόδοις
862 2572 885 2625 Δ
904 2577 932 2622 et
949 2568 1005 2633 alii,
1021 2569 1052 2625 ἐν
1070 2564 1215 2641 άμφόιίοις
1232 2566 1304 2635 vulg.

222 2752 286 2807 pnes
303 2744 385 2790 testes
412 2737 495 2791 falsos
518 2738 722 2809 produxerunt:
751 2740 797 2813 qui
816 2757 876 2793 cum
895 2741 1045 2793 iuramento
1070 2755 1220 2792 asseverare
1244 2740 1306 2791 ansi

221 2817 286 2861 sunt
304 2807 346 2860 his
361 2809 466 2862 serbis:
497 2810 646 2862 audirimus
665 2811 838 2863 Athanasium
860 2812 988 2863 frumenti
1006 2812 1233 2864 transvectionem
1249 2812 1307 2877 By-

220 2880 337 2931 zantium
357 2896 390 2929 ex
409 2882 527 2949 Aegypto
545 2881 706 2933 destinatam
727 2882 916 2951 impediturum
935 2898 964 2933 ιο
983 2882 1161 2933 minitantem.
1197 2896 1306 2951 exque

221 2950 319 3002 Christi
346 2952 528 3002 amantissimo
553 2952 708 3021 imperatori
736 2953 802 3005 iram
819 2954 1000 3016 concitantes,
1021 2954 1109 3021 ipsum
1127 2951 1162 3003 ad
1180 2968 1306 3019 magnum

219 3020 396 3073 Athanasium
416 3022 486 3090 apud
504 3024 636 3075 Treveros
656 3022 804 3075 Galliarum
826 3022 919 3074 urbem
938 3022 1113 3092 relegandum
1130 3022 1306 3091 impulerunt.

220 3091 366 3143 Athanasio
381 3093 463 3159 igitur
489 3093 519 3143 in
537 3092 648 3145 exilium
665 3094 760 3164 pulso,
786 3110 889 3145 rursum
909 3094 986 3145 Arius
1004 3092 1180 3163 perturbabat
1197 3094 1306 3161 Aegyp-

219 3170 287 3214 tum.
323 3160 366 3213 his
387 3162 421 3213 asi
439 3180 468 3215 se
486 3163 599 3228 delatis,
619 3166 766 3233 imperator
792 3164 947 3216 accersitum
970 3172 1045 3231 rogat
1062 3165 1163 3224 Arium,
1184 3180 1247 3215 num
1270 3164 1306 3215 de

220 3232 445 3285 consubstantiali
463 3234 535 3303 apud
553 3235 679 3286 Nicaeam
704 3235 816 3287 sancitis
840 3234 1008 3302 dogmatibus
1027 3234 1208 3287 assentiatur?
1243 3234 1306 3303 ipse

220 3320 281 3355 curn
298 3303 451 3355 iuramento
476 3312 590 3356 testatur
614 3306 755 3369 assentiri,
786 3315 814 3359 et
837 3304 914 3357 dolos
934 3322 966 3357 ex
990 3320 1063 3358 more
1082 3304 1304 3357 comminiscitur.

220 3374 286 3425 duas
312 3391 429 3445 namque
452 3374 566 3429 schedas
592 3387 698 3445 paratas
723 3378 828 3430 tenuitr
855 3374 925 3426 hanc
951 3392 1021 3446 qnae
1045 3374 1306 3427 consubstantialem

216 3446 412 3515 profiteretur,
439 3445 549 3497 alteram
573 3463 642 3516 quae
668 3446 739 3499 leret
764 3446 888 3498 adversar
918 3448 1061 3501 secundam
1079 3462 1159 3498 mano
1178 3446 1305 3515 propris,

216 3516 330 3585 primam
346 3516 436 3567 alieno
454 3516 607 3568 charactere
634 3520 813 3587 conscriptam
832 3514 965 3569 exhibuit.
1007 3516 1105 3569 suadet
1130 3517 1223 3586 itaque
1248 3516 1304 3567 im-

215 3587 357 3655 peratori,
377 3595 406 3639 et
423 3588 461 3637 ita
478 3603 507 3637 ιε
524 3586 635 3640 credere
653 3590 803 3640 iuramento
822 3586 944 3639 affirmat:
974 3594 1003 3639 et
1019 3596 1051 3639 nt
1067 3588 1125 3641 eius
1139 3585 1254 3639 iussibus
1273 3587 1305 3641 in

206 3657 357 3729 ,οεαλοιίιιιι
375 3656 533 3709 catholicam
549 3658 709 3711 admittatur
720 3658 849 3728 postulat.
908 3656 962 3710 uod
980 3672 1040 3709 cum
1059 3656 1165 3710 divinus
1185 3656 1306 3710 Alexan-

216 3723 266 3777 der
286 3728 408 3791 rescivit,
426 3744 487 3779 cum
506 3729 624 3797 querelis
641 3728 791 3795 lachrymas
807 3730 837 3781 in
855 3676 969 3783 echhesin
988 3728 1031 3779 cui
1049 3729 1234 3780 nomenirene
1253 3744 1307 3779 co-

219 3812 276 3847 ram
294 3796 346 3849 ‹ieo
365 3798 503 3867 profudit:
526 3806 555 3850 et
573 3798 646 3850 dicto
664 3800 745 3850 citius
768 3800 797 3851 in
818 3800 884 3852 locis
904 3800 959 3851 Arii
981 3800 1089 3870 linguae
1108 3800 1181 3869 turpi
1199 3797 1306 3867 proliu-

214 3866 260 3917 vio
277 3866 373 3933 dignis,
392 3871 421 3919 in
439 3868 555 3937 puhlicis
571 3869 633 3919 dico
650 3870 773 3932 latrinis,
791 3873 849 3924 eius
871 3871 961 3923 ellrrsis
980 3868 1143 3933 visceribus,
1162 3870 1232 3921 circa
1249 3870 1306 3921 ho-

215 3952 287 3997 ram,
305 3954 358 4005 qua
378 3955 449 3989 sacre
469 3939 550 4006 adyta
568 3947 768 4008 penetraturum
794 3958 822 3993 se
841 3940 995 3995 confidebat
1021 3940 1149 4008 indigne,
1175 3948 1304 3992 truncata

215 4006 379 4073 derepente
398 4010 453 4061 vira
471 4020 621 4077 praesente,
639 4018 667 4063 et
679 4018 788 4062 aeterna
808 4016 915 4075 amissa,
935 4011 1024 4063 divina
1043 4012 1114 4063 uitio
1130 4011 1216 4079 ipsum
1236 4026 1305 4078 pro-

215 4084 330 4148 sequuta
349 4085 398 4135 est.
427 4078 500 4132 'haec
526 4082 662 4153 trigesimo
681 4084 767 4154 primo
785 4088 873 4155 magni
895 4084 1157 4137 Constantinianus
1178 4082 1305 4151 contige-
