2817 4659
431 309 801 376 cuuouoommu.
1071 287 1151 401 59¹

62 468 203 549 βασιλέα
232 465 431 544 ανέσκαψαν,
480 457 535 524 τόν
565 461 601 524 δὲ
633 459 778 528 διάκονον
795 462 951 550 ’Ἰωάννην
981 459 1159 552 ῥομφαίαις

63 569 200 630 α’νεῑλον.
243 567 390 627 ἐντεῦθεν
410 559 518 625 λοιπὸν
537 558 566 623 oi
586 557 688 626 στόλοι
711 564 921 648 διαιρεθέντες
940 568 985 639 εἰς
1003 564 1076 640 νοός
1097 568 1158 632 idl-

62 690 123 740 ους
144 664 346 730 ἀπέπλευσαν
364 660 489 734 τόπους.
531 657 560 724 oi
582 663 617 725 di
636 665 803 744 κακοῦργοι
828 662 909 728 κατὰ
921 667 977 747 τῆς
996 668 1159 746 βασιλίδος

62 767 220 847 ἀνέβαλον
249 761 379 835 πόλεως.
429 755 586 826 ἐλθόντων
613 763 649 823 δέ·
677 762 782 845 ανίιόν
813 767 847 830 έν
875 767 919 852 τῷ
943 766 1157 852 Ἀόραμιιτιλρ,
1166 782 1192 835 Ρ.
1204 781 1254 835 323

30 867 234 950 5ιίκεφιὶλων
264 854 372 943 όντων,
393 852 485 944 εὗρον
516 861 584 923 έκεῖ
601 853 701 943 ἄνδρα
731 863 874 928 ἐντόπιον
896 862 1068 930 Θεοδόσιον
1089 865 1158 930 ὀνό-

61 989 161 1046 ματι,
181 963 429 1044 έκλὴπτορατιόν
449 961 607 1043 δημοσιλον
626 957 735 1046 φόρων
755 957 950 1049 όπόρχοντα,
972 963 1158 1048 α’πρόγμονό

61 1088 98 1128 τε
122 1063 180 1126 καὶ
204 1057 349 1144 έδιιότην,
379 1061 435 1123 καί
459 1063 694 1142 προετρέψαντο
721 1060 814 1126 αότόν
832 1065 1031 1141 βασιλεῦσαι.
1082 1065 1099 1128 ό
1123 1068 1159 1132 δέ

61 1166 156 1249 φυγῇ
173 1158 372 1244 χρησόμενος
392 1160 437 1232 εἷς
457 1156 491 1222 τό
514 1151 586 1238 όρος
598 1158 725 1242 ἐκρύβη.
767 1159 908 1242 εόρόντες
929 1165 964 1226 δέ
983 1163 1082 1228 αὐτόν
1102 1167 1158 1228 ου’.

59 1263 221 1348 φήμησαν
238 1258 427 1341 βιασάμενοι
447 1257 491 1332 οός
509 1261 652 1338 βασιλέα
694 1257 711 1322 ό
734 1261 769 1323 δὲ
788 1261 950 1342 Ἀριέμιος
969 1265 1072 1328 ταῦτα
1092 1289 1158 1344 μοι.

19 1360 145 1446 ὀθιόν,
164 1365 315 1443 ἐπέστησε
335 1361 374 1445 τῇ
394 1355 481 1422 πόλει
501 1355 676 1432 οἰκειακοός
711 1359 811 1424 αὐτοῦ
829 1361 1020 1446 ἀνθρώπους
1040 1357 1157 1446 ἄρχον.

12 1499 13 1502 ¹
57 1486 122 1536 τοις
143 1458 211 1540 ἅμα
233 1461 293 1524 τοῦ
311 1462 622 1532 κατασκευασθέντος
641 1454 695 1521 ὑπ’
720 1458 822 1522 adteri
841 1459 973 1546 στόλου,
1013 1465 1067 1526 καὶ
1091 1467 1156 1542 ἐξο-

57 1565 182 1633 ττλέσας
210 1556 327 1633 orituris
358 1555 451 1632 αὐτὸς
471 1560 601 1640 ἐξῆλθεν
632 1559 667 1623 έν
692 1561 813 1646 Νικαέρ
844 1563 883 1646 τῇ
912 1559 1014 1644 πόλει,
1033 1564 1184 1630 ια’κεΐοεΒ

58 1657 180 1725 ἑαυτόν
201 1661 412 1743 ἠσφαλίσατο.
455 1655 484 1721 oi
507 1659 542 1720 δὲ
566 1653 721 1739 α’ντόρται
742 1658 953 1740 ἀναβαλόντες
973 1663 1028 1724 καί
1048 1685 1156 1744 συγκι-

56 1758 215 1844 νὴσανιες
236 1756 307 1821 iiior
328 1755 362 1822 τό
382 1759 469 1838 θέμα
488 1759 544 1821 τοῦ
565 1755 708 1836 Ὀψικιόο
726 1761 781 1822 κατ’
800 1757 874 1834 τούς
895 1763 926 1824 Γ
924 1760 1156 1845 οτθογραέκοος,

14 1854 345 1940 ι5σαλλαμβόνονται
366 1860 495 1920 πλείστα
513 1855 613 1938 μικρό
633 1856 740 1921 τεκαὶ
757 1859 881 1940 μεγάλα
900 1859 1157 1942 πραγματευτικιὶ

57 1959 186 2043 σκάφη,
205 1957 261 2021 κατ’
281 1955 334 2020 διό
355 1979 390 2020 τε
410 1958 467 2040 γῆς
488 1958 541 2020 καί
562 1955 726 2040 θαλάσσης
747 1959 781 2021 έν
802 1954 1004 2040 Χρυσοπόλει
1022 1961 1157 2042 α’νέιλρα·

56 2083 138 2141 μον.
182 2061 240 2123 τοῦ
274 2060 309 2123 δὲ
330 2060 385 2141 τῆς
412 2054 533 2130 πόλεως
562 2053 674 2120 στόλον
703 2058 750 2132 εἷς
771 2055 826 2121 τόν
854 2059 964 2138 λιμένα
985 2061 1043 2122 τοῦ
1063 2054 1156 2140 ἅμὀα

56 2158 244 2240 Μόμαντος
266 2155 443 2241 ὁρμῶντος,
465 2157 540 2218 καθ’
559 2151 690 2238 ἑκάστην
717 2155 840 2238 ἡμέραν
869 2157 1042 2236 έπολέμοον
1060 2153 1156 2240 tut.

56 2266 138 2332 λους
160 2255 215 2322 ἐπὶ
234 2260 337 2338 μῆνας
356 2257 398 2333 ἓξ.
446 2257 505 2318 τοῦ
531 2257 567 2319 δέ
588 2258 644 2337 τῆς
664 2252 784 2330 πόλεως
812 2253 924 2320 στόλον
945 2257 999 2320 ε’πί
1017 2255 1071 2321 τὸν
1098 2260 1156 2319 τοῦ

11 2390 49 2432 ιο
58 2360 213 2443 Νεωρίοο
236 2359 294 2441 τῆς
325 2352 445 2432 πόλεως
464 2358 576 2434 λιμένα
594 2357 859 2440 μεθορμιλιαντος,
878 2351 1019 2440 περάσας
1037 2353 1054 2422 ό
1077 2357 1154 2421 Θεο-

132 2597 158 2666 4.
179 2592 315 2664 ἀνέβαλον
331 2591 481 2656 rediturii,
501 2590 651 2661 ἀνέβαλλον
666 2590 748 2644 πόλιν
765 2591 835 2660 vulg.
926 2589 1019 2646 αὐτῶν
1037 2589 1098 2644 edd.
1119 2609 1151 2645 ex

129 2669 165 2718 Δ.
245 2663 428 2735 ’Λόραμοτίρν
449 2663 470 2713 Δ
492 2680 507 2712 a
527 2664 546 2725 s,
563 2660 765 2734 ’Λόραμυντίρι
784 2664 856 2732 vulg.
946 2679 970 2731 ρ.
990 2659 1075 2719 αὐτόν
1092 2667 1112 2714 λ
1132 2665 1152 2726 f,

131 2735 221 2789 αιλτοῦ
237 2737 309 2805 ruig.
403 2751 442 2785 ιο.
465 2731 604 2804 ἄρχοντας
620 2750 673 2784 om.
691 2734 745 2784 Af.
839 2733 876 2785 ιθ.
894 2728 996 2789 ἔαυτόν
1017 2737 1047 2798 Α,
1067 2729 1152 2790 αὐτόν

130 2807 209 2876 vulg.
316 2803 480 2870 κινήσαντες
500 2805 520 2855 s.
613 2808 651 2858 rt.
670 2807 718 2857 καὶ
737 2806 800 2857 aar.
819 2803 849 2862 Α,
866 2809 912 2857 καὶ
932 2802 977 2858 dui
997 2808 1059 2858 θαλ.
1078 2807 1150 2874 vulg.

134 2896 180 2947 ¹⁷·
200 2877 250 2930 τοῦ
270 2875 495 2941 όλτῆςτιόλ-
515 2878 720 2930 ---έαλ
739 2875 874 2948 μῆναςέξ
895 2878 1030 2929 orode.
1107 2892 1152 2928 ao.

131 2949 305 3020 Νεαρλονλ
327 2947 354 3012 i,
371 2950 529 3018 Νεατερίοιι
548 2945 618 3017 vulg.

52 3146 158 3201 divisa,
189 3149 218 3194 et
239 3141 336 3212 einguii
362 3143 391 3194 in
411 3143 523 3211 patriam
548 3157 623 3192 auam
642 3140 741 3192 reverti
760 3147 831 3192 eunt.
880 3139 998 3193 rebelles
1015 3149 1104 3194 autem
1123 3142 1152 3195 in

52 3219 185 3284 reginam
204 3213 298 3265 urbem
323 3222 395 3266 reeta
421 3211 594 3266 contendere.
638 3228 698 3264 com
722 3228 786 3262 vero
806 3210 841 3262 od
858 3211 1038 3280 deiromytiom
1065 3215 1152 3283 appli-

50 3291 192 3347 cuissent,
209 3283 344 3336 hominem
364 3283 497 3354 quendem
512 3283 591 3335 huius
609 3282 661 3334 loci
679 3281 830 3350 indigenam
845 3283 954 3334 nomine
968 3283 1150 3336 Theodosium

48 3359 233 3431 publicorum
243 3356 412 3423 vectigalium
427 3365 585 3416 exactorem,
594 3371 611 3404 a
622 3353 702 3406 rebus
715 3353 825 3423 agendis
837 3353 954 3407 alienum
967 3373 998 3406 ae
1009 3356 1151 3424 privatum,

49 3434 93 3482 ibi
114 3431 194 3481 forte
212 3435 360 3495 repertum,
378 3427 431 3495 ἱροὶ
456 3427 535 3478 nulio
557 3425 607 3478 eob
630 3427 719 3495 capite
740 3426 887 3478 militantes
906 3435 934 3478 et
954 3427 1012 3477 aine
1031 3425 1099 3477 duee
1117 3427 1152 3476 ad

48 3501 208 3571 imperium
227 3497 417 3568 capessendum
430 3497 532 3550 hortati
551 3505 621 3548 runt.
657 3497 705 3547 ille
725 3495 787 3564 fuga
805 3497 905 3565 lapaut,
922 3498 951 3548 in
970 3503 1062 3548 monte
1081 3496 1150 3546 deli-

49 3576 129 3634 tuit,
150 3585 236 3641 quem
255 3568 362 3620 modern
379 3570 556 3629 invenientes,
573 3569 682 3637 vimque
696 3567 852 3630 inferenter,
870 3567 1057 3636 imperatorem
1077 3567 1150 3618 salu-

49 3655 161 3697 tavere.
184 3657 217 3691 eo
231 3649 368 3709 comperto
381 3641 514 3691 Artemius
523 3639 684 3689 domesticae
696 3654 759 3689 ruoa
773 3641 916 3708 optimatee
928 3654 980 3688 una
993 3653 1051 3688 com
1065 3639 1150 3690 ciosae

47 3733 136 3786 cruam
158 3713 221 3781 ipre
238 3713 402 3762 instruxerat
432 3719 515 3779 atque
540 3710 617 3760 armis
645 3717 760 3772 ornarat,
787 3707 859 3760 urbia
875 3707 1014 3760 custodiae
1033 3707 1150 3777 deputa-

46 3790 106 3850 rit,
126 3783 245 3853 ipsein
264 3782 356 3834 urbem
373 3783 500 3833 Nicaeam
517 3780 636 3842 recessit,
659 3779 798 3850 probeque
817 3795 846 3831 ee
865 3779 972 3831 muniit.
1008 3795 1088 3848 porro
1105 3795 1149 3830 re-

46 3859 146 3910 belles
169 3853 314 3922 resumptis
331 3854 428 3905 animia
446 3851 582 3912 commoti,
594 3858 652 3901 tota
670 3851 773 3919 Opeieii
791 3853 900 3918 regione
922 3857 950 3902 et
969 3849 1150 3918 Gotthograe-

46 3932 90 3980 cie
111 3930 146 3979 in
167 3925 242 3976 rooia
262 3924 476 3992 armaimpuleie,
495 3921 588 3973 moitis
607 3921 708 3988 magnis
726 3923 870 3992 patriaque
882 3922 1078 3988 negotiatorum
1100 3937 1151 3972 na-

45 4002 131 4052 ribus
156 3996 342 4057 convectatie,
359 3994 545 4064 Chrysopolim
560 4001 628 4044 terra
648 3994 769 4062 marique
787 3993 884 4044 ssuunt
920 4007 979 4043 curn
997 3999 1086 4043 autem
1105 4009 1151 4043 ur-

44 4074 92 4124 bis
113 4067 217 4121 classis
238 4067 360 4135 inportu
377 4066 462 4117 saneti
480 4064 623 4118 Μιιιιιιιιιίι
641 4065 783 4114 atotionern
799 4069 900 4130 ageret,
917 4079 965 4131 per
984 4080 1089 4116 menses
1105 4079 1151 4114 sex

44 4143 208 4194 continuos
233 4136 345 4205 siugulis
371 4135 466 4187 diebus
494 4140 714 4202 interutrosque
745 4141 891 4202 pugnatum
910 4141 959 4184 eat.
996 4143 1025 4186 at
1043 4135 1150 4200 reginae

45 4215 131 4266 orbis
153 4209 242 4260 closae
269 4209 298 4259 in
316 4207 438 4259 Neoterii
463 4206 537 4259 urbia
554 4215 662 4276 portum
680 4205 790 4257 taudem
813 4221 841 4254 ee
862 4203 1039 4270 subducente,
1058 4205 1150 4258 Theo-
