2817 4659
417 224 582 288 lOiillNlS
611 222 811 289 ettsstttt.
1100 224 1158 287 vlt

86 367 242 439 omnium
272 364 452 437 librorum
492 364 665 438 lectiones
707 362 874 438 nondum
914 362 1158 459 incomptam

85 489 259 585 scriptoris
289 512 441 559 manum
477 488 651 567 exhibere,
679 488 916 580 ridebantur,
953 487 1159 559 coniectura

87 588 210 685 rerum¹
224 612 369 708 assequi
401 624 552 683 conatus
575 636 673 683 sum:
705 610 763 681 cui
788 624 910 683 tamen
933 610 1077 707 parcius
1101 612 1159 683 iu·

86 736 186 829 dulsi,
211 734 315 809 haud
339 738 483 833 ignarus
504 736 543 809 in
568 736 629 809 tali
650 737 826 832 scriptore
840 760 960 831 neque
984 736 1160 806 sermonis

85 860 271 955 puritatem
312 882 433 957 neque
467 859 748 931 concinnitatem
768 859 1046 929 'sententiarum
1085 882 1160 929 esse

85 980 342 1079 quaerendam.
400 980 473 1055 Sed
503 1006 564 1075 ea,
600 983 798 1079 inquibus
830 1003 960 1077 pravus
982 981 1162 1077 sequioris

85 1106 154 1177 aeri
178 1130 266 1177 tuus
290 1107 349 1177 rel
372 1106 506 1203 pingue
529 1106 690 1177 hominis
723 1106 906 1203 ingenium
932 1104 978 1175 ab
1003 1104 1161 1201 antiquis

84 1228 159 1299 artis
184 1243 221 1301 ct
245 1230 390 1326 linguae
412 1230 613 1325 praeceptis
634 1228 790 1321 delinxit,
813 1228 851 1298 iu
877 1226 1033 1299 indicem
1056 1252 1161 1323 grae·

84 1350 189 1422 citatis
212 1352 350 1423 referre
370 1376 480 1449 quam
498 1352 767 1425 inconsiderato
793 1350 929 1426 iudicio
946 1350 993 1423 ad
1006 1352 1160 1447 priscam

84 1498 240 1547 normam
268 1474 445 1573 refingcre
470 1476 592 1547 malui.

176 1594 334 1669 Codices
359 1599 492 1694 quibus
517 1596 572 1669 vel
597 1598 737 1694 primus
767 1597 821 1670 vei
840 1610 924 1695 post
948 1598 1162 1669 Parisientes

85 1718 234 1794 editores
259 1746 348 1795 usus
373 1747 475 1815 sum,
497 1722 555 1793 his
583 1722 767 1797 literarum
792 1723 902 1819 signis
927 1722 1064 1794 notari:

269 1846 304 1918 A
330 1858 384 1917 est
406 1844 522 1919 codex
537 1843 773 1917 Coislinianus
798 1872 878 1917 nro.
907 1850 987 1917 133.

274 1994 299 2042 a
355 1996 370 2025 ¹·
477 1995 492 2024 ¹·
534 1968 721 2059 ¹Francisci
740 1968 927 2042 Barberini
953 1966 1161 2041 Cardiualis.

273 2094 301 2165 b
355 2120 370 2149 υ
478 2120 493 2149 u
542 2091 730 2163 Vaticanus
754 2117 835 2165 nro.
864 2090 947 2165 154.

275 2238 298 2286 c
356 2242 371 2271 ν·
479 2242 493 2272 ·
615 2252 662 2269 -
790 2244 805 2273 υ
866 2220 949 2285 155.

273 2336 300 2410 d
353 2366 369 2395 τ·
476 2366 491 2395 ¹·
616 2374 662 2389 -
794 2365 810 2394 υ
867 2338 952 2409 979.

273 2486 295 2532 e
356 2490 371 2519 υ
479 2488 494 2519 ¹·
544 2462 736 2535 Palatinus.

273 2584 293 2656 i
356 2613 371 2641 ¹·
478 2613 492 2643 ·
542 2586 787 2683 Peyrczianus.

177 2708 229 2780 De
262 2708 324 2779 his
355 2720 498 2804 praeter
531 2707 788 2780 Coislinianum
821 2710 859 2779 in
891 2708 1053 2781 editione
1083 2710 1160 2781 Par.

87 2854 158 2927 pag.
182 2838 266 2903 511.
296 2832 391 2903 hacc
413 2830 541 2929 legitur
566 2832 675 2904 Goari
701 2832 909 2905 adnotatioz

283 2954 452 3049 »Regium
476 2955 656 3051 exemplar
688 2980 772 3026 cum
796 2956 891 3026 MSS.
919 2953 1063 3033 duobus
1086 2957 1163 3027 aliis

174 3074 409 3172 eisdemque.
427 3078 695 3149 correctissimis
737 3078 922 3172 collatum5
955 3103 1029 3150 uuo
1065 3080 1163 3151 lirni-

176 3200 384 3271 nentissimi
409 3196 605 3273 Cardinalis
630 3202 805 3275 Francisci
820 3202 1026 3297 Barberini,
1050 3204 1162 3274 altero

175 3322 408 3394 illustrissimi
428 3323 470 3394 D.
486 3324 617 3420 Peyrcz
635 3324 858 3397 bibliotheca
878 3328 1044 3423 acceptis.
1074 3312 1164 3397 'Hoc

175 3446 314 3543 Peyrez
339 3446 417 3543 ipse
442 3469 524 3519 cum
539 3448 649 3545 Regio
674 3464 959 3546 comparaverat:
984 3476 1080 3521 ntrrtc
1105 3474 1163 3521 re-

173 3568 276 3665 gium
305 3572 618 3667 cumPeyreziano
644 3574 797 3645 vicissim
823 3575 1015 3646 conlectur-
1066 3573 1162 3645 Alte-

175 3718 257 3763 rum
295 3718 355 3763 ex=
375 3696 566 3767 collatione
605 3722 688 3767 cum
719 3698 895 3769 Vaticanis
930 3701 996 3769 sub
1034 3724 1162 3769 uume-

173 3817 224 3885 ris
264 3812 348 3887 154.
391 3822 473 3889 155.
509 3834 544 3889 et
575 3822 659 3892 979.
689 3834 724 3890 et
755 3846 828 3891 uno
871 3820 1032 3893 Palatino
1063 3846 1161 3891 num.

175 3936 262 4011 tio.
292 3940 490 4013 lectionum
523 3946 686 4015 omnium
710 3944 918 4016 discrimina
940 3944 979 4017 iu
1003 3946 1163 4041 margine

176 4076 364 4135 ostentata
