2817 4659
252 242 359 309 'xxiv
602 188 859 307 rasorusnrs
892 238 1000 305 vna.

262 388 397 477 νήματι·
449 396 504 459 κατ’
531 396 696 458 σπένδεται
716 390 813 476 τρόπις
839 395 962 471 βροτῶν
984 388 1130 472 α’λλήλοττ
1149 412 1183 455 τε
1202 395 1258 455 κατ’
1274 395 1353 479 θεῷ,

261 496 471 577 πολυχρόνιον
495 494 665 575 κεκτημένη
686 490 743 555 τόν
759 488 914 571 πόλεμον·
967 492 1025 553 κατ’
1042 491 1088 563 εἰς
1108 484 1193 553 ι’όπαν
1213 493 1353 555 ε’κιιαδα.

261 594 425 677 ρισδεόσης
444 597 468 674 *‚
494 590 596 655 πάντα
627 587 709 674 πρός
728 587 763 653 τό
785 587 926 675 φαιδρὸν
944 588 1163 668 μετεβάλλετο.
1202 586 1273 653 τότε
1295 590 1355 655 κατ’

257 686 348 773 ἥλιος
367 687 499 753 δ’πόνθ
520 690 647 774 ε’φοροῖν
674 688 795 772 ἡμέραν
822 690 941 773 ἐπῇδον
961 685 1138 769 ὁλοσχερῶς
1157 690 1351 771 ἐλευθέριον,

250 788 314 853 ’κατ’
332 784 365 855 τό
388 791 519 869 στυγνόν
538 790 592 872 τῆς
606 791 780 871 κατηφείας
800 782 958 860 δπολλοῖς
976 788 1199 869 περιεβέβλητο
1218 788 1379 871 χρόνοις5

258 884 497 967 όποδυσόμενσς
524 886 760 968 σταθεριότερον
781 888 945 965 ἐξέλαμπε.
997 884 1067 949 τότε
1086 889 1196 949 τοίνυν
1215 888 1280 949 τεόν
1300 889 1351 949 οἰ-

258 990 349 1053 κείαν
375 982 598 1065 βουλευμάτων
628 983 879 1069 ἢθεοκόσμηιος
907 988 963 1048 κατ’
988 987 1138 1069 priorsus
1156 987 1291 1067 ξυνωρὶς
1311 987 1350 1050 δν

257 1086 384 1174 ἐξουσίᾳ
413 1084 577 1168 γινομένη,
598 1082 652 1149 τόν
670 1084 826 1167 προσόντα
852 1085 992 1147 ποττιλον
1013 1084 1148 1148 πλοῦτον
1167 1087 1225 1166 τῆς
1246 1084 1352 1158 οἰκὼς

255 1188 482 1267 ἐκφοροῦντες,
503 1184 581 1247 πόσι
609 1185 666 1265 τῆς
686 1184 721 1247 δν
738 1187 834 1271 χρεόρ
854 1174 1067 1265 καθεστηκόσι
1088 1184 1250 1261 διένεμον·
1293 1187 1353 1246 κατ’

254 1286 314 1363 μδα
337 1286 494 1368 prividere
509 1283 590 1345 οἰκία
611 1287 738 1356 πολλοῖς
757 1277 1071 1364 όπηρετησαμόνητό
1092 1279 1270 1366 πρόσφορα,
1293 1286 1353 1344 κατ’
1364 1310 1399 1348 ιο

254 1386 319 1445 ναόν
338 1384 382 1467 τῷ
415 1382 479 1468 θεῷ
501 1378 760 1461 προσανεχόντοιν
786 1378 824 1444 τοὶ
854 1385 965 1464 φαῦλα
997 1380 1215 1464 διαφερόντως
1245 1385 1352 1462 δορα·

253 1478 409 1565 πεόσασα,
430 1474 484 1545 τόν
502 1477 543 1544 τό
565 1477 690 1543 ἐκείνων
708 1478 959 1559 ἰδιοποιούμενοι
978 1475 1123 1560 μεγάλας
1143 1483 1325 1562 κατότερπτ.

342 1582 451 1643 Ταῦτα
483 1572 540 1642 σόν
567 1576 622 1641 καί
641 1576 680 1642 τό
702 1575 784 1643 ἄλλα
804 1574 865 1641 όοα
887 1580 1022 1662 προσῆκε
1044 1577 1303 1664 διαπραξόμενοι,
1325 1579 1348 1661 ἦ

252 1682 312 1763 μὲν
330 1682 373 1765 τῷ
392 1675 471 1743 sarri
495 1683 678 1761 Πριγιιόπου
698 1681 832 1765 σεμνεόιρ
853 1678 962 1753 adroic
980 1676 1117 1760 κτήμασι
1139 1678 1350 1759 δχκιιτοικίζε-

253 1803 324 1863 ται,
352 1778 368 1841 ό
400 1780 434 1841 δὲ
465 1780 546 1861 πρός
578 1780 628 1841 τόν
661 1782 760 1859 μέγαν
789 1779 1001 1858 όπανατρόχει
1023 1775 1223 1860 Στρατὴγιεν,
1242 1778 1276 1841 s’r
1298 1780 1346 1865 τῷ
1363 1782 1398 1842 15

255 1868 333 1941 κατὰ
358 1875 417 1959 τὴν
439 1875 610 1959 Σιγριανῆν
633 1876 843 1966 Πολυχρονιλρ
863 1872 1066 1959 τυγχάνοντα,
1084 1873 1107 1938 ii
1125 1872 1224 1939 πόλοι
1243 1872 1349 1963 τοότιρ

253 1982 330 2059 παρ’
361 1977 460 2039 nitori
489 1974 648 2059 δεδώρητο
673 1972 834 2063 ῥρστοόνης
851 1975 950 2058 χόριν
969 1972 1024 2038 τιατΙ
1043 1970 1265 2053 όναπαόοειος,
1288 1975 1349 2037 τό·

254 2064 338 2141 κεῖσε
359 2082 428 2149 τοῖς
448 2076 568 2139 ἐκείνου
599 2078 711 2155 χερσιν
730 2069 951 2155 διτοκείρεται·
1004 2076 1126 2154 μᾶλλον
1145 2076 1205 2155 μὲν
1224 2064 1282 2137 ode·
1301 2072 1350 2137 ir.

253 2182 435 2257 ρονργεῖται
462 2176 565 2259 πολλῷ
593 2176 649 2255 τῆς
671 2175 731 2236 τοῦ
743 2168 882 2253 μεγόλου
903 2170 1007 2237 inuris
1028 2175 1145 2249 θυστόις
1164 2172 1350 2257 ἱερουργτοιν

253 2270 441 2358 ἱερωτέραν,
476 2268 554 2339 sinor
583 2278 639 2338 τοό
666 2273 816 2336 ἀκουσίου
836 2274 1024 2359 σεμνότερον
1052 2270 1088 2336 τό
1120 2269 1270 2353 ἑκούσιον,
1291 2279 1399 2339 καδιο

195 2408 198 2423 =
253 2376 311 2440 sori
328 2372 381 2457 μὴ,
401 2376 621 2454 τετελεσμένον
646 2371 683 2439 τό
714 2374 811 2458 πέρας
839 2372 953 2455 λοβόν·
1004 2366 1132 2461 κόκείνιρ
1166 2371 1225 2457 τὴν
1243 2370 1348 2457 μονήν

326 2584 350 2635 3.
370 2582 470 2653 ὄχλους
485 2582 529 2633 rei
547 2581 634 2633 simile
661 2580 728 2651 quid
746 2581 877 2634 excidisse
894 2580 1008 2634 ridetur.
1097 2582 1123 2647 λ.
1145 2576 1260 2652 ἐπῇδον]
1281 2578 1346 2634 ἐπί·

323 2660 376 2711 θεν
393 2654 449 2706 Par.
471 2660 499 2705 st
517 2653 547 2704 in
562 2654 695 2721 margine:
719 2652 790 2705 iorts
807 2654 945 2719 ἐποίησεν.
1033 2653 1060 2704 8·
1080 2655 1183 2710 οἰκείας
1199 2652 1255 2702 Par.

255 2842 400 2897 humanum
420 2858 511 2962 penus,
530 2840 604 2925 quod
622 2840 750 2893 diuturno
767 2839 841 2892 bello
860 2838 1037 2925 laboraverat,
1057 2858 1116 2892 cunr
1135 2855 1226 2925 secum
1243 2838 1346 2921 ipsum,

256 2924 311 2967 tum
329 2928 388 2963 cum
415 2930 466 2964 reo
496 2912 670 2963 concitantur:
699 2928 862 2981 prorsusque
891 2910 1010 2981 depulsis
1038 2910 1172 2973 tenebris,
1200 2910 1345 2960 laetiorem

255 2986 343 3037 omnia
362 2984 458 3034 faciem
476 2982 634 3034 induebant.
671 2990 737 3033 tunc
752 2998 861 3052 quoque
882 2984 941 3046 ιοΙ,
960 2983 1008 3053 qui
1028 2991 1123 3034 cuncta
1144 2982 1249 3042 lustrat,
1268 2979 1345 3031 diem

255 3056 378 3106 exomni
397 3062 473 3123 parte
492 3052 589 3103 tibrum
609 3052 715 3115 extulit,
732 3060 760 3103 et
777 3070 925 3105 moerorem
943 3061 1024 3123 atque
1044 3054 1188 3115 tristitiam,
1206 3067 1275 3120 quae
1295 3048 1345 3100 diu

254 3128 343 3196 ipsum
363 3132 553 3191 occupaverat,
573 3141 691 3186 exuens,
711 3121 823 3174 nitidius
839 3125 935 3176 eluxit.
970 3132 1035 3175 tunc
1056 3126 1139 3193 igitur
1158 3140 1173 3172 a
1191 3120 1243 3173 deo
1259 3138 1345 3172 orua-

254 3206 321 3257 tum‚
340 3212 371 3246 ac
390 3196 521 3247 castitatis
540 3212 631 3245 amans
643 3211 692 3263 par
711 3194 794 3257 iliud,
813 3196 870 3245 eius
884 3192 958 3265 quod
970 3195 1058 3246 animo
1079 3196 1254 3245 constitutum
1275 3200 1346 3255 erat,

255 3274 363 3317 nactum
383 3274 551 3333 potestatem,
571 3265 666 3316 uberes
685 3264 764 3318 domo
783 3264 891 3317 divitias
918 3266 1092 3335 proferentes,
1110 3266 1138 3317 in
1157 3280 1250 3315 omnes
1269 3262 1345 3330 large

256 3353 355 3403 egenus
374 3336 527 3403 erogabant.
572 3335 696 3405 adeoque
720 3354 773 3387 una
790 3334 837 3387 dei
855 3336 1001 3387 amantium
1020 3335 1134 3400 domus,
1149 3335 1250 3396 multis,
1270 3348 1345 3401 quae

254 3407 339 3458 victui
367 3416 444 3459 erant
470 3408 617 3457 necessaris
645 3406 862 3469 subministrans,
885 3414 914 3457 et
934 3422 1025 3458 eorum
1044 3409 1138 3477 quise
1156 3404 1207 3457 deo
1225 3403 1344 3455 dedide-

257 3487 325 3538 rant,
343 3478 497 3547 pauperiem
514 3478 640 3548 vitaeque
659 3477 827 3529 incommoda
852 3476 950 3528 eximie
970 3477 1122 3540 sublevem,
1144 3475 1224 3528 densa
1243 3476 1345 3544 ipsum,

256 3550 303 3619 qui
324 3548 391 3600 baec
408 3564 454 3599 sua
475 3550 582 3611 fecerat,
601 3548 776 3600 vehementer
795 3546 958 3599 oblectabat.

326 3620 391 3672 Curn
411 3620 493 3685 igitur
512 3618 579 3671 haec
597 3628 625 3671 et
652 3618 707 3669 alia
726 3618 810 3669 muita
833 3617 1026 3687 perfecissent,
1043 3616 1090 3668 ills
1104 3615 1213 3687 quidem
1229 3612 1259 3663 in
1280 3629 1347 3663 mo-

254 3692 370 3742 nasterio
388 3688 468 3759 ‘quod
498 3692 526 3741 iu
551 3689 639 3741 insula
665 3690 787 3757 Principe
811 3690 891 3739 situm
912 3696 969 3751 est,
990 3687 1095 3740 collatis
1113 3704 1146 3738 eo
1166 3684 1346 3737 fatuitatibus

255 3762 309 3813 suis
331 3760 466 3812 consedit:
493 3760 538 3813 bic
562 3769 651 3812 autern
669 3759 703 3809 ad
719 3775 843 3827 magnum
870 3760 1027 3827 Strategium
1046 3758 1187 3809 revertitur
1204 3753 1277 3825 apud
1296 3755 1345 3807 si-

254 3832 371 3901 griausm
392 3830 532 3897 degentem
562 3832 591 3883 in
609 3831 770 3881 monasterio
787 3830 852 3891 ,cui
872 3846 972 3881 nomen
996 3825 1299 3895 Poiyehronius3quod
1319 3827 1344 3877 is

254 3902 367 3971 abipso
397 3902 447 3953 otii
472 3904 625 3973 quietisque
650 3902 735 3969 gratia
755 3899 884 3951 donatura
903 3908 1057 3968 acceperat:
1087 3898 1197 3968 iiiicque
1215 3896 1344 3948 manibus

254 3972 330 4023 iliius
357 3971 536 4039 detondetur;
561 3974 615 4023 imo
634 3987 696 4020 vero
715 3971 888 4034 immolatur,
919 3968 1010 4021 hostia
1028 3986 1109 4039 quam
1137 3984 1248 4038 magnus
1266 3968 1345 4019 isaac

252 4044 334 4111 longe
353 4044 513 4105 sacratiore,
541 4058 594 4113 quo
616 4044 796 4111 praestantius
815 4042 987 4111 sanctiusque
1012 4039 1085 4109 quod
1104 4040 1176 4091 ultro
1192 4040 1242 4100 fis,
1258 4056 1344 4111 quam

253 4114 326 4187 quod
343 4124 451 4187 praeter
467 4114 648 4175 voluntatem,
671 4120 753 4183 atque
770 4110 813 4176 id,
838 4112 913 4183 quod
930 4119 1068 4181 peractum
1086 4118 1142 4172 est,
1163 4126 1197 4161 eo
1215 4110 1259 4161 cui
1279 4110 1344 4162 finis
