2817 4659
465 1014 780 1091 PRAEFATIO
857 950 865 965 ι

268 1236 584 1337 IOANNIS
622 1238 978 1336 cttssuttt.

489 1495 650 1509 -.ὰ-μ

94 1690 335 1806 Theophanis
361 1711 400 1781 in
427 1735 522 1781 noro
548 1709 629 1817 hoc,
646 1712 922 1806 Byzantiuormn
949 1710 1164 1806 scriptorum

95 1858 234 1929 corpore
271 1832 409 1905 edendi
445 1830 624 1925 ossieium,
665 1834 767 1929 quod
807 1836 844 1905 B.
880 1834 1166 1905 Niebuhrius

93 1956 303 2029 adolescenti
335 1956 426 2027 mihi
460 1982 590 2029 novem
622 1956 756 2029 abhinc
784 1958 888 2029 aunis
924 1956 1166 2029 demandare·

93 2093 155 2172 rat,
177 2078 240 2151 diu
264 2080 512 2151 intermissum
538 2094 575 2151 et
597 2093 746 2177 propter
769 2080 934 2153 locorum
960 2094 998 2151 et
1020 2092 1166 2175 tempo·

94 2226 163 2273 rum
186 2201 452 2275 vicissitudines
475 2228 590 2300 paene
616 2204 874 2297 renuntiatum,
900 2228 997 2274 nuuc
1017 2201 1165 2273 tandem

94 2348 129 2393 ex
152 2328 363 2399 auctoritate
388 2327 577 2397 lliustrium
595 2327 783 2419 Virorum,
804 2326 868 2422 qui
893 2350 1069 2398 summam
1096 2324 1166 2397 hu-

94 2448 141 2519 ius
163 2449 336 2523 editionis
367 2474 489 2522 curem
524 2462 670 2546 gerunt,
702 2450 751 2521 ita
780 2450 936 2543 absolvi,
960 2463 1000 2521 ut
1025 2446 1164 2519 studio-

93 2592 164 2641 rum
186 2598 354 2645 meorum
388 2572 543 2644 rationes
578 2586 614 2643 et
646 2571 889 2645 subsidiorum
917 2574 1045 2669 copiae
1070 2573 1161 2643 tule-

94 2706 175 2765 tuut.
233 2694 361 2787 Quum
395 2696 492 2766 euim
519 2696 685 2793 princeps
715 2695 822 2767 huius
851 2696 1161 2791 chronographiae

93 2814 212 2911 editio,
247 2844 344 2915 quae
370 2820 511 2891 Parisiis
545 2844 641 2891 anno
676 2820 782 2903 1655.
811 2816 970 2913 prodiit,
994 2818 1161 2891 inchoata

91 2936 142 3009 itta
165 2964 185 3011 a
206 2940 329 3013 Goaro
354 2956 389 3012 et
415 2956 497 3039 post
521 2944 748 3016 immaturam
777 2941 853 3013 eius
878 2954 1032 3011 mortem
1058 2966 1079 3011 a
1105 2942 1161 3011 lo-

91 3082 173 3131 aune
202 3060 411 3135 Comhefiso
450 3064 496 3137 a'd
528 3064 639 3135 finem
676 3062 870 3160 perducta,
900 3078 978 3135 tum
1011 3078 1162 3160 propter

91 3181 262 3256 editorum
297 3188 372 3259 sive
391 3188 655 3259 festinationem
681 3188 755 3257 sive
787 3188 1058 3285 negligentiam,
1084 3200 1160 3259 tum

90 3323 229 3405 propter
262 3334 382 3381 serum
417 3312 602 3405 codicum,
634 3336 727 3409 quos
761 3312 855 3383 uaeti
893 3325 1000 3405 suut,
1036 3336 1162 3403 usum,

89 3442 152 3501 tam
174 3434 299 3504 multis
323 3436 467 3506 obsessa
481 3450 573 3507 esset
593 3436 708 3528 vitiis,
731 3450 772 3509 ut
790 3460 962 3531 persaepe
986 3434 1162 3530 impedita

89 3550 244 3625 haereret
270 3556 393 3629 lectio:
419 3557 492 3629 hoe
517 3558 609 3629 mihi
638 3584 732 3630 nova
763 3560 974 3629 recensione
1000 3556 1160 3629 efficien-

89 3672 165 3747 dum
191 3682 389 3775 proposui,
413 3696 453 3752 ut
477 3684 631 3778 scriptor
653 3696 828 3778 quantum
843 3682 921 3753 lieri
938 3694 1060 3779 posset
1083 3708 1159 3753 nou

92 3798 160 3869 aliis
184 3824 299 3895 quam
325 3827 417 3899 quae
448 3804 558 3900 ipsius
596 3806 746 3877 tarditas
780 3806 911 3904 ingenii
947 3818 984 3875 et
1020 3804 1160 3877 fatuitas

89 3922 337 4015 commisisset,
360 3926 451 3996 vitiis
472 3942 707 4022 premeretur.
773 3930 933 3999 Primum
960 3929 1064 4025 igitur
1089 3930 1159 3999 sar-

90 4045 239 4139 taginem
270 4046 368 4116 iiiam
393 4052 565 4123 variarum
592 4053 810 4143 lectionum,
835 4075 924 4145 (petas
950 4051 1068 4122 editor
1093 4052 1160 4121 Pa-
