2817 4659
239 196 294 257 Xil
534 193 762 257 PRAEFATIO
791 192 1013 259 conatast.

241 345 317 441 iisse,
339 364 423 443 quod
442 367 556 429 ttomae
574 364 835 447 perBuccardcan
857 362 1051 427 domesticum
1065 366 1156 427 Latio
1178 367 1333 427 dormtum

237 473 348 555 praelo
369 472 582 548 adornaverit,
612 490 738 553 eamque
758 471 893 533 Parisios
918 473 1082 533 versionem
1112 478 1138 533 si
1165 475 1241 555 qru'd
1258 478 1333 535 usui

170 578 180 598 ⁶
241 600 301 639 esse
328 592 445 661 posset,
479 564 694 654 destinaverim
719 592 750 639 ut
775 599 880 661 nempe
907 577 1055 641 illustrior·
1076 582 1214 663 prodiret
1246 585 1334 665 typis·

240 686 356 767 liegu‘s,
379 687 540 768 Patrisque
563 686 650 747 Goar
666 687 875 747 maturioribus
895 687 1020 763 studiis,·
1039 689 1121 771 qrcod
1138 694 1205 751 item
1224 691 1333 751 Tmo.

236 796 349 876 phanis
369 807 575 855 tentonicam
589 794 747 855 Vaticanis
769 816 840 871 uno,
860 795 1007 856 etaltera
1026 797 1176 871 collatum,
1198 814 1230 856 ut
1253 800 1332 859 inde

240 902 345 983 Regius
367 903 587 984 antiquissimus
612 900 803 984 Theophanis
825 914 924 963 textus
945 902 1091 965 illustrari
1100 949 1109 979 ,
1131 905 1262 979 sarciri,
1289 928 1332 967 ac

239 1010 396 1071 emendari
419 1022 532 1094 posset,
564 1010 775 1070 transmiserit.
817 1008 926 1071 Deesse
945 1013 1086 1073 nimintm
1106 1010 1220 1071 dictum
1241 1027 1333 1074 tanto

241 1117 337 1193 Viro,
359 1130 522 1198 sanctoque
542 1117 584 1177 alr
605 1116 741 1198 aequali,
775 1119 828 1178 vei
846 1120 973 1204 suppari
1003 1119 1191 1180 Encomium.
1234 1120 1278 1182 Id
1296 1138 1334 1182 ut

178 1218 193 1233 '⁴
238 1226 411 1306 diligentia,
434 1246 470 1285 ac
491 1227 667 1287 autoritate
692 1228 767 1285 mihi
788 1227 931 1305 obtineat,
952 1247 1055 1288 omnes
1083 1230 1117 1288 in
1143 1229 1331 1311 Theophane

239 1355 374 1395 numeros
395 1334 579 1415 implevisse:
615 1336 679 1392 eius
701 1333 841 1394 editionis
862 1335 1031 1395 maximam
1051 1350 1237 1396 consecutum
1258 1339 1331 1415 glo-

180 1464 183 1471 ’
238 1446 333 1523 mam,
352 1456 570 1521 patronumque
593 1443 625 1501 in
647 1442 738 1501 caelis
757 1441 937 1503 demeruisse
954 1445 1201 1525 poteruissimum·
1257 1448 1331 1505 Au-

136 1595 142 1605 ·
176 1609 180 1617 ,
239 1554 283 1614 dit
303 1554 379 1613 haec
406 1552 483 1611 nihil
510 1553 594 1632 segni
613 1572 684 1611 aure
711 1550 968 1611 Eminentissimus
990 1550 1149 1635 Princeps,
1171 1574 1237 1613 suos
1261 1554 1328 1615 Ro-

188 1732 192 1746 ·
239 1681 328 1735 ntae,
351 1680 390 1721 ac
411 1660 544 1721 aliorum
562 1660 688 1738 fnestra
709 1660 824 1721 excutit
848 1664 982 1743 pluteos,
1006 1660 1190 1740 Syracusas,
1210 1684 1250 1724 ac
1270 1663 1330 1723 Si.

168 1819 173 1827 .
238 1768 343 1829 ciliane
376 1771 524 1848 vestigat,
557 1768 592 1829 V
588 1770 703 1829 ereetias
730 1769 877 1839 rimulam
909 1768 1014 1849 illique
1042 1770 1167 1831 tandem
1187 1768 1329 1851 fauente

238 1876 365 1937 Numine
387 1876 540 1937 thesaurus
569 1878 698 1945 occurrit
720 1880 753 1936 in
774 1876 809 1935 S.-
837 1875 944 1936 Marci
964 1876 1168 1937 Bibliothecae
1190 1877 1327 1954 Codice,-

184 2006 189 2013 ·
237 2006 278 2044 ecc
296 2004 353 2067 quo
381 1987 413 2044 in
439 2004 492 2043 nos
518 1982 695 2060 derivatus,
719 2004 811 2066 eaque
828 1982 1017 2043 Eminenuss.
1032 1983 1206 2043 Cardirmiis
1237 1985 1325 2043 Bar.

238 2092 336 2152 herini
353 2090 530 2171 diligentia,
552 2090 850 2173 Eminentissimique
873 2090 1011 2171 Collegae
1032 2090 1157 2151 Cardcn.
1182 2090 1327 2153 Ottohoni

237 2199 392 2282 beneficio,
419 2214 510 2282 atque
538 2218 665 2259 numere.
725 2196 848 2270 Hales,
873 2198 1001 2273 hector,
1020 2198 1175 2281 pridfi‘re
1190 2203 1326 2279 praesti-

236 2320 300 2369 tum
320 2308 352 2365 in
370 2305 566 2389 Theophane,
587 2326 623 2365 ac
643 2308 696 2386 osci
718 2306 751 2365 in
772 2326 807 2365 eo
829 2304 1003 2367 contulerint
1029 2326 1160 2389 operam,
1183 2306 1254 2366 mem
1272 2319 1325 2367 ta·

237 2434 304 2473 men
334 2414 426 2475 Viros
445 2415 628 2473 clarissimos
643 2414 765 2493 fratres
798 2415 968 2491 Puteanos,
987 2409 1040 2475 sir
1069 2408 1263 2495 μακαρίτην,
1295 2430 1328 2477 et

236 2540 320 2602 qtoem
343 2518 425 2580 Deus
445 2518 499 2580 din
520 2521 704 2603 superstitem
724 2535 832 2595 servet,
852 2543 905 2581 nec
923 2522 1004 2605 ipsos
1022 2518 1174 2604 defuisse,
1195 2536 1228 2583 ut
1243 2542 1326 2583 tttts.
1379 2556 1388 2577 .

236 2648 331 2711 quam
353 2627 436 2692 bonis
458 2625 566 2688 studiis
586 2627 690 2687 desunt
695 2671 707 2703 ,
734 2628 841 2711 quihus
855 2629 971 2711 possint
983 2628 1133 2710 prodesse,
1152 2649 1212 2689 non
1225 2631 1326 2690 nesci·

237 2739 329 2797 veris.
374 2734 505 2798 Praeter
523 2736 602 2795 enim
623 2736 746 2816 Regium
772 2736 1009 2819 antc'cpuisst'rnum
1036 2734 1186 2813 Codicem,
1208 2736 1243 2795 in
1262 2758 1325 2819 quo

125 2886 136 2907 .
237 2842 371 2921 Syncelli
395 2842 656 2926 Chronographiae
687 2841 878 2937 Theophanis
903 2856 1020 2915 textus,
1063 2856 1185 2926 tumque
1213 2844 1326 2904 Leonis

240 2950 437 3011 Granunatict
449 2948 634 3028 subnectitur,
654 2972 694 3011 esc
708 2971 766 3033 qtco
779 2950 816 3010 P.
832 2948 921 3011 Goar
931 2948 1021 3011 edita
1034 2936 1137 3011 omnia
1154 2953 1323 3031 exscripsit,

232 3058 449 3143 humanissime
467 3058 706 3133 commodanon,
730 3061 821 3119 ettam
847 3058 1065 3136 Peyrezianum
1097 3057 1193 3118 eidem
1206 3078 1324 3140 pmcn.

236 3178 361 3243 rorant,
393 3186 430 3226 ac
447 3166 509 3227 eius
541 3186 602 3227 esse
623 3168 802 3244 voluerunt,
833 3188 894 3227 non
915 3166 1050 3225 inuu'lem
1072 3166 1160 3227 illurn
1181 3178 1246 3226 turn
1269 3188 1324 3227 suo

237 3276 331 3354 ipsum
350 3274 486 3351 nomine,
508 3286 573 3335 tum
591 3275 667 3357 qttia
686 3274 808 3334 collatio
835 3293 904 3334 cum
926 3271 1082 3334 Palatino.

323 3380 534 3465 Theophanem
555 3382 640 3443 hreni
659 3396 797 3465 sequetur
813 3381 1010 3441 Continuator
1026 3401 1068 3441 ea·
1081 3379 1321 3441 Emmenu'ssirni

237 3488 369 3549 ciusdem
397 3487 570 3549 Cardinalis
593 3490 758 3551 Barberini
780 3488 908 3564 Codice,
934 3488 982 3547 ati
1005 3509 1092 3571 quern
1122 3489 1220 3548 Pseili
1247 3488 1322 3549 hene

237 3598 333 3657 metita
358 3598 500 3658 la‘storica
536 3598 774 3659 Enu'neutissimi
812 3596 994 3659 Cardinalis
1025 3596 1183 3657 Mazarini
1213 3594 1322 3656 Codex

237 3705 428 3782 spississimis
450 3720 589 3784 suggeret,
612 3709 684 3769 iusto
701 3704 874 3789 complendo
896 3705 1052 3767 uohtnu'ue.
1068 3704 1105 3767 V
1099 3704 1156 3765 alc.
1175 3704 1227 3765 tv.
1248 3702 1320 3765 Κα-

237 3811 343 3874 tendas
366 3812 451 3875 Mat
463 3812 615 3876 MDCLV.

633 4002 949 4021 -——-—--—-'
