2817 4659
239 210 294 271 xn
534 207 762 271 PRAEFATIO
791 206 1013 274 confisurus.

241 360 317 457 lisse,
339 379 423 457 quod
441 382 556 443 homae
574 400 632 461 per
645 378 835 439 Buccardum
857 376 1050 440 domesticum
1064 380 1155 441 Latio
1178 381 1334 442 mutatum

237 487 348 569 praelo
369 486 583 563 adornaverit,
612 504 738 569 eamque
759 486 892 548 Parisios
917 488 1082 549 versionem
1111 492 1138 547 si
1165 489 1240 570 quael
1258 492 1334 549 usui

170 592 180 613 ⁰
241 614 301 654 esse
328 606 445 675 posset,
479 580 694 667 destinaverim
718 607 750 653 ut
775 614 880 675 nempe
907 588 1054 656 illustrior
1075 596 1214 678 prodiret
1245 600 1335 679 typis

240 700 356 781 Regiis,
379 701 540 782 Patrisque
563 701 650 762 Goar
666 702 875 763 maturioribus
895 702 1019 777 studiis,
1038 703 1121 786 quod
1138 708 1205 765 rtem
1223 706 1334 766 Theo-

236 810 349 890 phauis
369 820 487 869 textam
506 830 575 868 cum
589 809 748 869 Vaticanis
769 831 840 887 tino,
861 809 1007 870 etaltera
1026 811 1176 887 collatum,
1198 827 1230 870 ut
1253 814 1333 873 inde

240 916 345 997 Regius
367 918 587 998 antiquissimus
612 916 803 999 Theophanis
825 928 924 977 tentus
944 916 1090 979 illsutmri
1100 963 1109 994 ,
1131 918 1262 993 sarciri,
1289 941 1333 981 ac

239 1024 396 1085 emendari
419 1036 533 1108 posset,
563 1025 775 1085 aarumiserit.
817 1022 925 1085 Deesse
945 1027 1086 1087 niminsm
1106 1024 1220 1085 dictum
1241 1040 1334 1087 tarsto

241 1131 337 1207 Viro,
359 1145 522 1212 sanctoque
543 1132 584 1191 ah
605 1130 741 1212 aequali,
775 1134 828 1192 vel
846 1132 974 1216 nippari
1003 1133 1191 1194 Encomium.
1234 1134 1279 1196 Id
1295 1152 1334 1196 ut

178 1230 181 1239 ’
238 1240 412 1320 diligentia,
435 1260 471 1299 ac
492 1241 667 1301 autoritate
692 1242 767 1299 mihi
788 1241 931 1319 obtineat,
952 1261 1054 1302 omnes
1083 1244 1117 1302 in
1143 1242 1332 1324 Theophane

239 1369 374 1409 numeros
395 1348 579 1429 impleuisse.-
615 1350 679 1406 eius
701 1347 841 1408 editionis
862 1349 1031 1409 maximam
1051 1364 1237 1410 tomecutum
1258 1353 1332 1429 glo-

238 1458 333 1537 riam,
352 1468 571 1535 patronumque
593 1456 625 1515 in
647 1455 739 1515 caelis
757 1455 937 1516 demeruisse
954 1458 1201 1538 potentissimum,
1257 1462 1332 1519 Aci-

138 1609 142 1618 ·
175 1621 178 1629 ,
239 1566 284 1627 du
303 1566 380 1627 hacc
407 1565 484 1653 m'lsil
511 1566 594 1646 segni
613 1584 684 1625 aare
711 1564 968 1625 Eminentissinuss
990 1564 1149 1650 Princeps,
1171 1588 1237 1627 suos
1261 1568 1328 1629 uo-

145 1692 148 1699 *
188 1744 192 1758 ¹
238 1694 328 1749 mae,
352 1694 391 1735 ac
412 1674 545 1735 aliorum
562 1674 688 1751 fnestra
709 1675 824 1735 excutit
848 1678 982 1757 pluteos,
1006 1674 1190 1754 Syracusas,
1209 1697 1250 1737 ac
1270 1677 1331 1737 Si.

168 1834 173 1841 .
238 1781 343 1843 ciliani
377 1784 525 1861 vestigat,
557 1782 593 1843 V
588 1784 703 1843 enetias
730 1784 876 1853 rimatur;
909 1782 1014 1863 illique
1042 1784 1167 1845 tandem
1187 1781 1329 1864 fauente

197 1910 202 1919 ·
238 1891 366 1953 Nmru'ne
388 1892 541 1951 thesaurus
570 1893 699 1959 occurrit
720 1895 753 1951 in
774 1890 810 1950 S.
837 1889 944 1950 Marci
964 1890 1169 1951 Bibliothecae
1190 1891 1327 1967 Codice,-

238 2022 278 2059 csc
297 2020 354 2082 quo
382 2002 414 2059 in
439 2019 492 2058 nos
518 1997 695 2074 derivatus,
719 2018 811 2081 eaque
828 1997 1017 2058 Eminentia.
1032 1996 1206 2057 Cardirtalis
1237 1998 1325 2057 Bar.

239 2107 337 2167 herini
353 2106 531 2185 diligentia,
552 2105 584 2165 Ε
586 2104 850 2187 minentissimique
873 2105 1011 2186 Collegae
1032 2104 1157 2167 Cardia.
1182 2104 1328 2167 Ottohoni

238 2214 392 2297 benficia,
420 2228 510 2297 atque
539 2234 666 2275 minere.
726 2210 849 2285 Habes,
873 2212 1001 2286 Lector,
1020 2212 1174 2295 quidsene
1191 2217 1326 2292 praesti·

154 2312 158 2317 ’
237 2334 301 2385 item
321 2324 353 2381 in
371 2321 567 2404 Theophane,
587 2342 623 2380 ac
643 2323 696 2401 ossi
718 2321 752 2380 in
772 2340 807 2380 co
828 2318 1003 2380 munierint
1028 2339 1160 2402 operam,
1183 2320 1254 2380 dum
1273 2334 1325 2381 ta·

237 2449 305 2489 men
335 2430 427 2491 Viros
445 2430 628 2489 clarissimos
644 2430 767 2507 fratres
798 2429 967 2504 Puteanos,
986 2423 1040 2489 thr
1068 2424 1263 2508 μακαρίτην,
1295 2444 1328 2491 et

237 2557 321 2619 quiem
343 2534 426 2596 Deus
446 2534 500 2595 diu
520 2536 704 2618 superstitem
725 2549 831 2609 servet,
852 2558 904 2595 nec
923 2537 1003 2619 ipsos
1021 2532 1174 2618 defuisse,
1195 2550 1228 2597 ut
1243 2556 1324 2597 nus-
1381 2570 1390 2589 ·

236 2664 332 2727 quam
353 2643 437 2705 honis
459 2640 566 2704 studiis
586 2642 705 2717 desunt,
734 2642 841 2725 quihus
855 2643 971 2725 possint
983 2641 1133 2724 prodesse,
1152 2663 1213 2703 non
1225 2644 1326 2704 nesci·

237 2754 330 2812 uerus.
374 2750 505 2814 Praeter
523 2753 602 2811 enim
624 2750 746 2831 Regimn
772 2751 1008 2833 antiquissimum
1035 2750 1186 2827 Codicem,
1208 2752 1242 2809 in
1261 2772 1325 2834 quo

125 2902 136 2924 .
237 2857 371 2936 Syncelli
396 2858 656 2942 Chronogmphiae
686 2858 878 2952 Theophards
903 2870 1020 2931 textus,
1063 2871 1184 2941 uimque
1213 2858 1325 2919 Leonis

240 2966 438 3026 Grammaticl
450 2964 634 3042 subnectitur,
654 2987 694 3025 cac
708 2986 765 3047 qtio
779 2966 816 3025 P.
832 2963 921 3026 Goar
930 2963 1021 3026 edita
1034 2951 1137 3026 omnia
1154 2967 1322 3046 exscripsit,

232 3074 450 3157 humanissime
468 3073 706 3147 commodatum,
730 3075 821 3134 etiam
846 3072 1065 3152 Peyrezianum
1097 3072 1193 3133 cidem
1206 3093 1324 3156 procu..

236 3194 362 3259 rarunt,
394 3181 509 3241 aceias
542 3202 601 3241 csse
623 3182 802 3258 voluemmt,
833 3202 893 3242 non
915 3182 1050 3241 inutilem
1072 3181 1160 3242 illum
1181 3193 1245 3241 tum
1268 3202 1324 3242 suo

237 3291 332 3369 rpncm
350 3290 486 3369 nominc,
508 3301 573 3349 tum
591 3290 666 3371 grtia
686 3289 808 3349 collatus
834 3308 904 3349 cum
925 3287 1081 3349 Palatino.

322 3396 534 3479 Theophanem
555 3396 639 3457 hreni
658 3411 798 3479 sequetur
813 3396 1010 3456 Continuamr
1026 3416 1069 3456 ece
1081 3394 1113 3455 E
1115 3398 1321 3457 musenu'ssinti

237 3502 367 3564 eiusdem
397 3501 570 3563 Cardiualis
593 3504 758 3565 Bar-barini
780 3502 908 3578 Codice,
934 3503 982 3563 a'd
1005 3524 1092 3586 quem
1122 3504 1220 3565 Psclli
1247 3504 1322 3563 bene

236 3613 333 3672 miella
358 3612 500 3673 lu'storica
536 3612 774 3673 Enu'ncntissimi
812 3610 994 3673 cardinalis
1025 3612 1183 3673 Mazarini
1213 3608 1322 3671 Codex

236 3718 428 3797 spississimis
449 3734 589 3799 suggeret,
612 3723 684 3783 iusto
701 3720 875 3804 complendo
896 3720 1052 3782 voltaru'ne.
1068 3719 1156 3783 Vale.
1175 3718 1227 3779 IV.
1247 3717 1320 3779 Ka·

237 3825 343 3887 lendas
366 3826 451 3889 Maii
464 3826 615 3891 MDCLV.
