2817 4659
464 243 831 313 cunonocaarnu.
1090 222 1169 308 125

180 397 274 482 Αότηῖ
296 397 333 460 δὲ
350 397 397 481 τῷ
413 389 476 459 ἔτει
493 389 657 478 Ἀρκόδιος
676 394 872 479 ἐτελεύτησεν
903 395 964 482 πρό
984 398 1024 462 ια’
1055 405 1170 464 salos.

103 500 163 564 διόν
181 493 404 577 Σεπτεμβρίου.
443 490 495 557 τόν
528 495 564 556 δὲ
592 497 663 558 νέον
683 494 853 560 Θεοδόσιον
878 494 1065 580 μικρότατον
1085 491 1170 580 ina,

101 599 154 662 καί
176 597 378 678 ἀπερίστατον
403 590 600 676 κατανοήσας
625 593 792 675 Ἀρκείσιος
827 593 846 656 δ
873 592 995 680 πατήρ,
1026 596 1080 662 καὶ
1108 601 1172 662 δεί·

99 718 171 774 σας,
200 691 244 776 μή
273 690 337 756 α’πό
365 714 447 766 τινος
472 694 694 777 δπιβουλευθῇ,
714 695 846 781 βασιλέα
879 692 974 759 ου’τόν
1001 695 1173 780 α’ναγορεό.

77 801 170 872 ὅσας,
197 789 375 874 κουρότορα
413 789 514 854 ου’τοό
547 787 629 853 κατὰ
664 792 819 872 διαθήκας
863 796 1048 877 κατέστησεν
1077 797 1173 860 'Icia-

21 957 27 966 ,
98 893 205 975 γε’ρδην
224 887 278 953 τόν
296 891 356 954 τοῖν
369 891 508 971 Περοιόν
522 891 664 972 βασιλέα.
703 890 894 976 Ἰσδεγέρδης
912 894 948 956 δὲ
968 891 987 955 ό
1008 896 1068 958 τῶν
1081 899 1172 976 Περ-

98 995 158 1054 σῶν
191 986 343 1071 βασιλεός
376 985 434 1070 τήν
464 988 630 1070 Ἀρκαδίαν
662 984 818 1072 διαθήκην
846 990 1031 1073 δεξόμενος,
1064 991 1208 1081 είρήνησ

100 1088 223 1175 ἀφθόνῳ
245 1084 327 1171 πρός
342 1084 519 1167 Ῥοιμοιιους
537 1082 745 1172 χρησόμενος,
759 1088 916 1176 Θεοδοσίρ
934 1086 991 1172 τήν
1009 1095 1174 1172 βασιλείαν

99 1187 279 1266 διεσώσατο,
302 1184 358 1250 καί
373 1177 534 1266 Ἀντίοχόν
567 1209 638 1248 τινα
660 1183 846 1266 θαόμαστόν
863 1210 896 1251 τε
916 1188 972 1251 καί
988 1188 1175 1272 λογιώτατον

59 1281 259 1366 ιοόπίτροπόν
280 1307 314 1348 τε
338 1286 393 1348 καί
409 1282 611 1366 παιδαγωγόν
630 1286 815 1359 α’ποστειθσς
842 1281 959 1370 γράφει
981 1311 1016 1373 τη
1038 1288 1175 1372 συγκλή-

96 1409 137 1473 τηι
152 1383 321 1464 Ῥωμαίων
336 1379 427 1445 τόδε·
462 1375 635 1465 Ἀρκαδίαν
654 1387 857 1466 κοιμηθέντας
885 1385 967 1466 κιίμὲ
993 1384 1174 1468 κουρότορα

96 1485 151 1546 sori
169 1480 286 1557 παιδός
305 1477 573 1562 καταστήσαντος,
595 1480 649 1544 τόν
670 1481 909 1563 ἀναπληροῦντα
928 1483 984 1546 τόν
1004 1485 1099 1548 τόπον
1119 1484 1175 1551 τόν

96 1580 169 1662 ἐμόν
192 1579 376 1644 dutmala.
431 1577 475 1661 μή
497 1601 543 1654 τις
575 1569 630 1644 οὖν
650 1579 821 1663 ἐπιβουλήν
838 1581 896 1642 τοῦ
921 1579 1033 1657 παιδός
1052 1585 1174 1664 ἐπιχει-

96 1679 182 1767 ρήση,
203 1680 257 1743 ἵνα
279 1676 326 1762 μή
350 1677 487 1758 πόλεμον
513 1671 669 1744 ἄσπονδον
700 1675 778 1742 κατὰ
810 1676 975 1759 ‘Popula
994 1679 1173 1768 α’νακινήση.

57 1777 111 1844 τῖιό
131 1780 166 1842 δὲ
182 1773 350 1857 Ἀντίοχος
372 1773 474 1842 ε’λθόιν
495 1769 534 1858 ἦν
567 1777 627 1842 οὐν
648 1779 693 1864 τῷ
714 1781 844 1857 βασιλεῖ
848 1799 856 1818 ·
896 1776 959 1840 simi
981 1779 1017 1843 δὲ
1037 1784 1095 1843 cosi
1114 1781 1176 1843 ου’·

94 1882 148 1942 τοῦ
167 1875 263 1942 θείου
290 1876 440 1958 Ὁνωριόυ
474 1873 530 1939 καί
549 1875 752 1959 Πουλχερίας
777 1879 833 1957 τῆς
862 1876 1003 1961 α’δελφής
1018 1876 1118 1942 αὐτοῦ
1135 1875 1181 1944 τό,

93 1977 294 2057 Χριστιανοόν
316 1971 528 2058 ἐπιστημόνως
548 1973 743 2040 όπαιδεόετο.
790 1977 846 2039 καί
864 1968 903 2058 ήν
927 1977 1036 2060 εἰρήνη
1057 1977 1174 2057 α’ναμε·

92 2072 165 2154 ταξό
194 2073 362 2154 Ῥωμαίων
388 2075 443 2136 καί
473 2076 612 2156 Περσῶν
641 2074 778 2155 μάλιστα
804 2075 862 2138 τοῦ
894 2062 1054 2156 Ἀντιόχου
1073 2073 1202 2144 πολλός

91 2172 169 2256 όπὲρ
189 2174 398 2254 Χριστιανιόν
422 2170 615 2258 γράφοντος,
634 2169 690 2238 καί
710 2169 807 2248 ositos
826 2170 1004 2258 όπλατόνθη
1027 2174 1061 2241 ἐν
1085 2177 1175 2258 Περ.

52 2272 155 2341 νοτίδι
174 2271 193 2336 ό
211 2269 468 2356 χριστιανισμός.

160 2431 184 2466 ι.
201 2412 255 2484 ια’]
276 2413 302 2465 α’
318 2412 351 2465 Α.
435 2413 460 2465 6.
476 2411 645 2484 Ἰοδιγίρδης
664 2413 766 2485 ubique
784 2413 815 2465 Α.
911 2427 949 2464 ra.
969 2407 1019 2468 τόν
1037 2412 1124 2470 τόπον
1137 2415 1171 2478 Α,

156 2483 247 2538 τόπον
267 2483 339 2550 vulg.
423 2485 461 2550 τίη.
480 2483 665 2560 ἀνακινήσηΑ
682 2501 697 2535 a
716 2502 731 2536 c
747 2502 777 2547 ε,
800 2483 967 2557 ἀνακαινίση
987 2485 1058 2552 vulg.
1134 2490 1172 2538 15.

157 2549 214 2608 όπό
235 2553 266 2607 δὲ
282 2553 334 2607 τοῦ
351 2549 436 2608 αὐτοῦ
458 2559 536 2610 θείου
556 2553 687 2626 Όνωρίου
712 2559 760 2609 καί
786 2557 963 2624 Πουλχερίας
985 2561 1032 2620 τῆς
1051 2552 1173 2626 ἀδελφῆς

159 2625 203 2688 Δ,
220 2620 276 2678 ὑπὸ
304 2623 334 2678 δὲ
359 2625 481 2696 πρό-θείῳ
504 2627 589 2678 αὐτοῦ
611 2625 734 2696 Ὁνωρίην
762 2629 811 2678 καὶ
827 2629 988 2695 Πουλχερίηι
1016 2629 1047 2698 τῇ
1065 2623 1174 2696 α’όελφῇ

160 2695 234 2762 vulg.
322 2710 364 2745 ao.
389 2703 452 2764 post
464 2691 713 2766 χριστιανισμόςό)
732 2695 784 2746 cd
809 2695 877 2748 hacc
892 2697 1012 2749 addunt:
1029 2698 1173 2766 Μαρουθᾶ

155 2765 207 2819 τοῦ
223 2761 381 2820 ἐπισκόπου
400 2771 619 2839 Μεσοποταμίας
634 2770 837 2838 μεσιτευοντυς.
1071 2789 1075 2794 ·

157 2891 263 2946 Eodem
281 2894 362 2944 etiam
380 2909 450 2947 auno
464 2893 592 2946 Arcadius
609 2893 751 2945 undecimo
769 2892 904 2946 Kalendas
921 2893 1113 2964 Septembrilss
1131 2893 1172 2946 le-

90 2971 142 3014 tum
160 2963 291 3034 oppetiit.
327 2965 352 3015 T
353 2963 509 3014 heodosium
529 2973 616 3016 autem
633 2965 766 3016 iuniorem
779 2964 898 3016 nondum
920 2965 1061 3015 infantiam
1076 2981 1173 3033 super-

89 3051 204 3102 gressum
224 3051 261 3085 ac
287 3049 357 3102 pene
378 3036 477 3086 cunctis
500 3035 607 3086 auxiliis
637 3035 732 3085 orbum
749 3041 826 3103 pater
848 3033 975 3085 Arcadius
994 3035 1171 3103 conspicatus,

89 3105 270 3174 insidiasque,
292 3105 316 3153 si
337 3103 406 3155 sorte
430 3105 808 3174 renunciaretimperatorem,
826 3120 861 3154 ns
878 3112 1021 3172 pateretur,
1038 3114 1171 3169 metuens,

89 3183 238 3226 curatorem
272 3176 329 3224 eius
345 3172 513 3242 lsalegersleru
533 3177 667 3226 Persarum
690 3191 779 3243 regem
801 3175 954 3227 testamenti
974 3174 1071 3226 tabulis
1088 3176 1169 3227 insti-

89 3248 145 3296 tuit.
181 3243 344 3312 Isdegercles
367 3245 503 3296 Persarum
537 3246 659 3314 princeps
688 3253 800 3315 accepto
829 3251 988 3297 testamento
1016 3245 1122 3314 longam
1141 3251 1170 3297 et

88 3317 262 3385 tranquillam
278 3329 374 3384 pacem
392 3331 451 3366 eum
468 3316 592 3367 Romanis
611 3315 716 3377 habuit,
743 3323 771 3366 et
787 3313 939 3367 Theodosio
958 3315 1060 3366 salvum
1081 3325 1108 3367 et
1126 3315 1170 3365 in-

89 3383 191 3438 colome
210 3386 294 3438 iussit
321 3401 378 3435 esse
398 3387 555 3456 imperium:
587 3402 649 3437 mox
664 3384 806 3446 Antiocho,
830 3385 888 3436 viro
912 3386 1031 3437 moribus
1064 3386 1170 3453 egregio

90 3465 117 3506 et
140 3457 256 3507 eximiae
281 3455 459 3518 eruditionis,
476 3457 504 3506 in
532 3456 608 3525 pueri
625 3465 823 3524 procuratorem
849 3464 877 3506 et
899 3455 1081 3524 paedagogum
1097 3472 1172 3504 sum·

89 3527 173 3588 misso,
197 3529 322 3577 Romano
340 3527 445 3577 senatui
465 3526 570 3578 inhaeo
583 3525 664 3577 verba
683 3526 832 3594 rescripsit:
867 3526 980 3578 Arcadio
997 3527 1060 3578 latis
1078 3524 1172 3576 subla-

88 3603 123 3658 ta,
142 3605 170 3648 et
189 3613 235 3648 me
255 3595 378 3647 consiliis
398 3597 455 3648 eius
474 3597 502 3648 in
520 3597 569 3648 lilii
585 3605 733 3648 curatorem
751 3596 893 3658 instituto,
911 3599 1006 3659 virum,
1023 3595 1069 3663 qui
1087 3594 1172 3645 vicem

89 3683 169 3717 means
189 3665 316 3735 impleat,
340 3667 417 3717 misi:
439 3667 529 3718 nullus
554 3667 635 3735 igitur
659 3664 749 3734 puero
763 3672 847 3717 struat
869 3667 990 3726 iusidias,
1017 3663 1174 3715 nobellum

89 3737 211 3789 adsersus
231 3740 368 3788 Romanos
387 3739 497 3788 innovet
521 3734 753 3789 irreconciliabile.
790 3735 936 3788 adveniens
955 3734 1102 3787 Antiochus
1120 3734 1173 3784 im-

91 3809 217 3873 peratoris
236 3809 367 3858 comitem
393 3806 494 3878 ubique
516 3825 542 3858 se
558 3806 711 3877 praebebat.
755 3806 777 3857 is
794 3823 857 3857 vero
875 3805 909 3857 ab
927 3805 1048 3856 Honorio
1077 3811 1173 3873 patruo

94 3883 118 3925 et
133 3893 145 3926 a
163 3893 259 3929 sorore
284 3876 427 3929 Pulcheria
444 3877 603 3930 Christianis
622 3877 752 3928 institutis
768 3875 853 3945 probe
878 3884 906 3940 et
923 3875 1036 3926 solerter
1052 3873 1173 3926 eruditus

97 3953 143 3996 est:
157 3963 270 4019 paxque
290 3941 338 3998 diu
354 3948 425 4000 inter
441 3950 573 4000 Romanos
594 3958 621 4002 et
640 3949 732 4000 Persas
749 3947 880 4008 traducta,
901 3941 1034 3996 Antiocho
1059 3946 1172 3996 maxime

97 4015 165 4134 plura
183 4036 232 4086 pro
254 4017 419 4069 Christianis
448 4019 595 4072 scribente:
622 4026 703 4090 atque
731 4018 770 4071 ita
787 4016 940 4069 Christiane
961 4015 1005 4067 lea
1023 4032 1071 4086 per
1090 4023 1172 4068 totam
1241 4083 1244 4090 Ι

118 4085 218 4141 arsiam
239 4087 360 4173 dilatata
378 4088 440 4143 fuit.
