2817 4659
290 788 745 886 CANDIDO
792 788 1253 903 LECTORI,

232 964 272 1041 F„
289 964 477 1029 Fssncsseus
500 966 651 1027 constris
674 964 801 1027 Ordinis
822 965 887 1026 FF.
901 965 1154 1029 Praedicatorum
1175 964 1318 1047 Congre-

554 1126 556 1133 x
583 1089 714 1172 gationis
742 1089 773 1151 S.
798 1087 960 1151 Ludovioi.

678 1274 870 1283 —qu—-u

248 1418 309 1505 En
328 1445 383 1505 tihi
403 1444 456 1506 diu
475 1458 662 1528 expectatum
686 1445 759 1506 Viri
775 1448 968 1525 sanctissimi,
989 1468 1043 1507 noc
1063 1444 1193 1526 ἀσκήσει
1220 1448 1320 1508 minus

234 1578 271 1614 ae
292 1553 492 1629 confessione,
526 1574 620 1637 quam
648 1554 803 1616 scribendi
828 1556 976 1617 industria
996 1576 1032 1615 ac
1051 1555 1152 1615 labore
1171 1554 1319 1632 illustris,

239 1661 424 1743 Timoplmnis
438 1660 728 1744 Chronographieum
738 1683 821 1746 opus,
840 1684 877 1723 ac
897 1663 1069 1737 historiam
1089 1676 1121 1723 nt
1138 1663 1217 1723 euius
1237 1682 1318 1723 sum·

236 1770 339 1831 mariis
353 1769 478 1834 Graecis
496 1769 616 1851 pariter
634 1790 671 1831 ac
685 1770 801 1832 Latius
819 1772 960 1833 hactenns
965 1771 1137 1851 fruebaris,
1156 1773 1222 1854 ipso
1241 1792 1318 1831 nina

232 1878 340 1960 pleno,
372 1898 412 1937 ae
443 1878 534 1961 quale
563 1878 614 1938 vel
643 1878 708 1961 ipse
728 1877 840 1956 emilii,
867 1881 919 1939 oet
942 1878 987 1939 ad
1015 1900 1068 1939 nos
1097 1876 1238 1939 maium
1257 1899 1318 1938 non

236 2006 337 2047 aaron
356 2002 431 2064 seges
452 1986 637 2062 transmisit,
658 1986 857 2047 ahrmdantius
884 1986 1051 2051 delecteris.
1092 1986 1136 2046 Et
1156 2004 1195 2046 ea
1220 1986 1318 2045 Theo-

234 2095 343 2175 phanis
361 2112 425 2153 non
442 2094 570 2153 minima
590 2094 666 2168 laus,
686 2094 768 2177 meod
784 2096 847 2154 eires
867 2096 952 2154 toties
969 2091 1123 2175 descripta
1137 2092 1317 2183 lucitbratio,

221 2275 224 2285 Ι
237 2202 303 2283 ipsa
316 2200 461 2261 brevitate
482 2202 631 2281 compari
640 2203 855 2283 per-spissatum
867 2202 1017 2261 Lectorern
1029 2203 1318 2276 recreans,-immen.

237 2328 358 2391 sinuque
376 2308 564 2369 histon'arnm
582 2328 701 2392 aequor
717 2308 853 2369 haudita
875 2308 976 2369 multis
996 2308 1128 2369 uersibus
1147 2328 1319 2390 repraesen.

239 2426 324 2475 tans.-
354 2415 439 2497 qttod
456 2417 527 2474 item
555 2418 584 2474 si
600 2416 651 2498 qni
664 2416 738 2493 sere
770 2415 907 2489 Graeci,
939 2416 1094 2499 Latinique
1108 2429 1179 2497 post
1198 2437 1263 2475 eum
1282 2436 1318 2475 eo

237 2522 318 2581 velen
334 2523 509 2581 charactere
530 2524 693 2603 scripsere,
725 2544 765 2582 ac
790 2524 983 2583 historiarum
1015 2522 1170 2583 breviario
1190 2524 1318 2605 posteris

238 2630 400 2713 reliquere,
431 2628 534 2710 ‹pimnd
565 2629 622 2688 itta
640 2631 822 2710 porrigitur,
843 2650 902 2689 non
924 2645 985 2689 tam
1006 2652 1087 2689 suum
1109 2630 1232 2712 aliquid
1244 2650 1316 2712 pno-

236 2736 400 2815 duxerint,
424 2756 518 2817 qnam
547 2736 707 2797 subiectum
733 2737 962 2820 Theophanem,
983 2737 1074 2820 inque
1096 2741 1224 2798 maiores
1242 2757 1316 2798 coa.

236 2857 313 2905 ctum
335 2846 488 2926 augentius
507 2846 670 2928 suppressis
696 2866 756 2905 non
772 2847 899 2927 paneis,
927 2846 1022 2925 iisque
1040 2848 1159 2905 minime
1178 2867 1317 2929 spernen-

237 2954 304 3027 dis,
339 2952 406 3014 aiio
438 2954 489 3013 vel
517 2952 679 3029 idiomate,
705 2954 757 3012 uel
793 2954 871 3031 stylo
901 2954 1038 3013 nonnihil
1067 2954 1189 3035 puriori
1216 2954 1317 3015 addi-

236 3062 345 3123 derint.
412 3094 416 3101 ·

319 3167 371 3227 De
403 3166 598 3252 Theophane,
627 3168 743 3250 eiusque
771 3169 936 3243 natalibus,
971 3188 1011 3227 ao
1036 3169 1120 3228 uitae
1148 3182 1209 3228 tota
1236 3170 1317 3228 insti-

238 3278 355 3350 tutione,
376 3296 488 3335 necnon
511 3276 550 3335 do
573 3276 654 3335 illius
672 3296 759 3358 opere
771 3278 836 3346 hoc,
856 3299 894 3335 ue
917 3279 946 3333 ei
966 3277 1084 3335 coaevis
1101 3276 1172 3334 aliis
1191 3274 1317 3335 eiusdem

238 3382 373 3459 nominis,
389 3400 428 3441 ac
445 3382 569 3441 instituti
576 3403 588 3457 ‚·
605 3396 730 3465 praeter
749 3396 939 3443 momumento
956 3384 1015 3463 ipsi
1027 3383 1103 3443 libri
1111 3383 1220 3457 fronti
1227 3401 1318 3463 prae-

224 3489 317 3573 fanti,
339 3489 437 3549 multis
457 3491 529 3548 satis
542 3490 578 3548 R.
595 3489 630 3551 P.
644 3490 770 3549 Iacobus
794 3490 879 3549 Gour
897 3484 913 3547 i
934 3488 1126 3566 μακαρίτης,
1147 3492 1213 3570 ipso
1223 3490 1317 3549 statim

238 3598 340 3655 limine
360 3618 461 3656 earum
474 3595 631 3672 Notaretur,
655 3618 729 3679 quas
749 3598 832 3655 illius
849 3598 1028 3677 posthnmas
1055 3596 1204 3677 produxi.
1247 3595 1314 3655 Iatn

237 3705 316 3763 enim
332 3705 524 3787 Theophanis
544 3718 602 3763 toto
622 3707 688 3786 ipso
711 3716 812 3775 textu,
835 3702 968 3786 adeoque
988 3717 1016 3762 et
1032 3704 1138 3763 Leonis
1158 3704 1315 3763 Crarnma·

238 3810 289 3870 uei
300 3856 309 3887 ‚
333 3814 467 3892 exeeptis
475 3812 613 3889 fhrtasse
631 3811 772 3893 pauculis
777 3811 892 3887 soliis,
916 3812 994 3892 typis
1016 3810 1166 3885 mandato,
1180 3810 1317 3893 Notisqtn

238 3918 282 3977 uel
305 3918 511 3999 Timophanem
530 3916 687 3980 dsunaxat
704 3919 842 3998 digestis,
864 3919 936 3977 dum
958 3918 1199 3993 ahsohctionem‚
1222 3919 1316 3977 maio-

239 4044 329 4107 raque
353 4024 419 4085 alia
444 4028 494 4087 uir
526 4026 652 4103 oietati,
665 4026 783 4101 icteris,
807 4026 961 4086 Grusoiue
989 4037 1077 4085 natus
1099 4026 1224 4105 cogitem
1245 4044 1317 4087 moa

475 4300 483 4329 Ι
