2817 4659
261 246 302 309 Vl
693 240 921 305 PRAEFATIO

260 382 417 455 risiensis
441 395 525 479 post
544 393 679 453 textum
713 406 904 478 graecum,
935 404 1045 478 quem
1071 394 1220 473 vocant,
1246 380 1344 478 typis

261 529 465 601 expressum
489 528 604 575 exsex
619 500 808 575 codicibus
818 504 952 600 passim
977 518 1139 575 enotatas
1164 503 1202 573 in
1227 528 1345 575 uncam

260 627 455 725 congessit,
486 627 535 697 ita
566 626 668 723 quasi
698 627 850 698 vincnlis
874 626 947 697 suis
975 625 1121 698 dissolvi
1147 639 1184 698 et
1208 626 1255 697 ad
1278 652 1345 697 re-

259 774 339 821 rum
364 750 549 845 scriptoris
572 774 677 821 usum
701 772 767 820 suo
790 773 976 845 quamque
1000 750 1083 821 loco
1109 749 1265 841 contuli,
1301 762 1346 819 ut

259 872 437 970 quicquid
460 874 579 957 bonae
604 873 713 969 frugis
738 872 778 943 in
802 874 1020 944 coacervatis
1047 872 1125 943 istis
1148 872 1265 968 copiis
1288 872 1345 942 la-

257 997 383 1089 tuerit,
407 998 445 1067 in
470 996 588 1067 lucem
614 994 789 1091 prodiret.
852 993 1016 1086 Quarum
1041 1020 1113 1091 ope
1135 1019 1249 1091 quum
1267 994 1344 1065 iam

258 1144 335 1191 non
359 1143 494 1214 paucos
517 1118 600 1190 libri
614 1119 715 1190 locos
739 1119 779 1191 in
796 1119 985 1190 meliorem
1000 1097 1154 1189 lormam
1177 1116 1345 1213 redigere

256 1242 400 1336 liceret,
430 1240 545 1315 multo
578 1244 693 1315 mains
723 1240 972 1315 adiumentum
1005 1251 1042 1315 et
1062 1246 1156 1314 'rere
1189 1242 1282 1312 salus
1308 1241 1346 1311 ei

258 1366 408 1463 contigit
433 1391 474 1437 er
508 1390 601 1436 nova
639 1366 832 1437 collatione
867 1365 1161 1461 praestantissimi
1186 1364 1346 1458 codicis,

259 1489 322 1585 qui
349 1490 387 1559 in
410 1490 517 1587 Regia
539 1488 761 1561 bibliotheca
775 1489 967 1562 Parisiensi
992 1490 1087 1560 inter
1102 1486 1347 1559 Coislinianos

257 1612 323 1683 sub
347 1638 426 1683 nro.
456 1618 538 1685 133.
571 1626 778 1685 assematur.
840 1614 1000 1685 Debetur
1030 1638 1072 1683 ea
1103 1612 1232 1708 insigni
1257 1608 1346 1680 dili·

256 1735 397 1830 gentiae
408 1737 566 1808 virorum
586 1734 880 1808 doctissimorum
895 1750 931 1806 et
942 1735 1233 1827 clarissimum,
1242 1730 1345 1804 Con-

258 1858 402 1930 stantini
416 1859 570 1931 Schinae
584 1858 724 1953 Graeci,
737 1861 800 1957 qui
814 1858 926 1929 hodie
936 1858 1074 1931 Othoni
1084 1856 1346 1955 Angustissimo

259 1980 428 2053 Graeciae
441 1983 515 2078 regi
528 2006 549 2053 a
564 1982 723 2054 consiliis
744 1982 894 2052 civitatis
912 1995 966 2053 est
990 1994 1027 2052 et
1048 1981 1188 2077 primus
1202 1976 1345 2051 llcade-

212 2162 214 2170 .
257 2104 368 2174 miam
392 2105 648 2176 Atheniensem
674 2104 796 2176 lamtis
823 2105 991 2201 auspiciis
1015 2104 1201 2175 conditam
1224 2102 1346 2196 rexit,

260 2238 296 2297 ct
309 2225 463 2297 lllauritii
483 2226 643 2321 Pinden,
661 2228 874 2323 prolessoris
884 2227 1136 2319 berolinensis,
1157 2226 1221 2321 qui
1243 2248 1344 2295 anno

263 2352 369 2420 1827.
421 2350 574 2421 Parisios
591 2351 746 2445 prolecti
772 2351 940 2448 singulari
962 2374 1047 2421 cura
1073 2362 1110 2420 ct
1135 2347 1346 2421 assiduitate

258 2470 355 2543 hane
381 2495 529 2567 operam
553 2472 666 2542 taedii
690 2474 837 2569 plenam
870 2474 1104 2545 exantlamnt
1154 2472 1345 2543 Praecellit

259 2608 379 2667 autem
403 2594 495 2665 liber
513 2592 752 2667 Coislinianus
775 2609 851 2668 tam
875 2598 982 2694 longe
1007 2596 1135 2667 ceteris
1158 2594 1346 2689 omnibus,

259 2730 296 2787 et
319 2738 425 2789 curae
450 2740 470 2787 a
496 2715 694 2789 duumviris
718 2719 787 2790 illis
803 2718 890 2791 huic
912 2720 1008 2790 libro
1034 2715 1249 2788 excutiendo
1275 2716 1346 2789 da-

257 2852 315 2911 tae
337 2840 538 2913 constantia
563 2854 600 2912 et
623 2838 715 2913 fides
729 2856 920 2939 tantopere
944 2841 1125 2915 levitatem
1153 2853 1191 2913 et
1214 2864 1345 2912 socor-

258 2961 357 3033 diam
394 2986 520 3034 eonrm
552 2977 697 3059 superat
732 2966 795 3062 qui
828 2966 990 3064 reliquos
1019 2965 1269 3060 inspersum,
1300 2979 1347 3037 nt

255 3084 497 3183 Theophanes
521 3112 619 3159 nune
643 3086 793 3160 demum
808 3088 955 3159 lirmum
976 3086 1250 3159 fundamentum
1275 3112 1346 3160 na·

257 3220 335 3279 etus
373 3232 449 3280 esse
478 3234 561 3281 vere
593 3212 794 3309 praedicari
830 3212 954 3309 possit.
1016 3210 1106 3285 Nam
1141 3211 1346 3283 innumeris

215 3318 222 3329 ⁶
255 3330 345 3403 locis
370 3356 412 3402 ex
431 3332 524 3405 libro
539 3330 760 3407 Coisliniano
786 3336 873 3409 citra
898 3360 1046 3406 omnem
1072 3332 1344 3406 dubitationem

256 3478 377 3525 veram
413 3456 598 3552 scriptoris
634 3482 783 3530 manum
823 3458 983 3551 restitui,
1024 3457 1231 3553 saepissime
1265 3457 1346 3528 eius

256 3579 363 3651 nnius
386 3592 526 3650 secutus
550 3581 821 3675 auctoritatem,
851 3580 952 3653 haud
980 3605 1062 3652 raro
1085 3578 1346 3667 accedentibus

255 3700 421 3796 aliorum,
446 3704 610 3799 inprimis
634 3704 841 3803 Peyreziani
868 3718 904 3775 et
924 3703 1191 3795 barberiniani‚
1214 3702 1343 3775 subra-

252 3822 332 3921 giis:
368 3850 555 3921 quumque
594 3826 695 3899 ducis
728 3828 841 3898 nostri
871 3827 1126 3925 praestantiam
1161 3850 1268 3922 saepe
1302 3827 1342 3900 in

253 3946 342 4019 locis
367 3946 651 4044 impeditissimis
676 3962 843 4046 expertus
869 3976 996 4044 essem,
1021 3950 1129 4021 etiam
1159 3948 1198 4021 in
1223 3948 1340 4019 lerio-

252 4072 353 4141 ribns
381 4072 489 4143 rebus
514 4074 564 4145 illi
594 4097 736 4145 morem
756 4098 881 4169 gerere
914 4072 1013 4146 haud
1044 4072 1217 4146 dubitari.
1269 4072 1338 4145 Ubi
