2817 4659
241 250 312 311 xiv
585 246 843 309 innumerus
872 221 986 307 vus!

241 398 278 461 δὲ
298 396 335 462 τό
359 388 449 479 όμμα
466 395 569 468 τείνας
586 398 754 478 μετέωρον,
775 395 831 457 καί
849 386 956 472 ὥσπερ
980 389 1081 480 δδηγρῖ
1098 394 1142 480 τῷ
1161 395 1330 473 καταλάμ-

240 520 332 562 ποντι
350 495 530 581 χρώμενος,
562 491 598 559 τό
621 491 778 578 βλοσυρόν
807 496 864 556 τοῦ
895 492 1053 566 κλόδωνος
1073 494 1166 578 τέχνη
1187 516 1331 555 καταπα-

241 593 596 677 norhamtunescire
625 595 751 675 τρίβους
776 593 987 676 πηδαλίουχεί
1001 588 1059 674 τὴν
1083 589 1223 655 δλκάδα·
1261 614 1332 654 τοι·

243 692 335 759 οὖτόν
355 720 385 759 τι
406 698 460 758 καί
478 701 544 768 τοῖς
563 690 618 775 τὴν
637 690 750 785 poprie
769 694 827 756 τοῦ
845 693 918 772 βίον
947 692 1135 771 διεκπερῶσι
1155 689 1331 775 θάλατταν,

242 798 297 858 καί
314 792 393 875 πρός
413 794 484 869 τοὺς
513 788 675 872 α’κόμονας
695 795 751 854 τοῦ
769 793 937 872 μέλλοντος
966 790 1078 865 αἰῶνος
1103 792 1365 873 ἐνορμισθῆναιὸ

241 897 369 973 λιμένας
387 894 653 973 κατεπειγομίνοις
668 892 907 970 ἐπισυμβαινειν
926 887 1048 954 εἴωθεν.
1089 883 1244 975 άφράστιρ
1263 886 1328 973 γάρ

241 998 303 1059 τοῖν
323 994 505 1074 πειρασμῶν
525 992 805 1071 καταντλουμὲνοις
824 986 968 1073 κλόδωνι,
989 993 1046 1053 καί
1062 986 1232 1076 βαθυτάτην
1251 987 1331 1053 σκό-

142 1116 174 1135 ··
240 1116 286 1157 τει
306 1095 368 1156 τῶν
388 1093 577 1170 δαιμονικαῖν
602 1092 842 1173 κατεσχημένοις
869 1086 1094 1175 περιστάσεων,
1112 1088 1151 1152 αἳ
1165 1090 1228 1153 των
1248 1092 1330 1152 θεο.

241 1192 344 1277 φιλαῖν
364 1190 489 1273 α’νδροῖν
511 1185 615 1272 τόοπερ
645 1188 697 1251 ὑπ’
729 1172 805 1267 dnus
831 1186 960 1269 πράξεις
986 1191 1166 1271 τιθέμεναι,
1194 1190 1236 1274 τῇ
1265 1192 1330 1268 μὲν

241 1291 339 1377 οίκείρ
367 1287 544 1373 λαμπηδόνι
571 1288 625 1351 τόν
654 1290 779 1380 ἐκείνων
806 1286 918 1351 σκότον
942 1287 1206 1371 α’ποσκεδάζουσι,
1235 1288 1329 1349 διδα-
1346 1310 1386 1350 ιο

240 1387 384 1463 σκαλίαις
419 1389 455 1456 δὲ
488 1396 558 1463 ταῖς
597 1382 820 1461 θεοπνεόστοις
850 1384 886 1451 τό
923 1387 985 1451 τάν
1020 1390 1135 1451 παθαῖν
1171 1408 1329 1450 καταστο.

241 1492 376 1571 ρέσασαι
414 1486 585 1550 κλυδώνιον
623 1486 752 1569 ἡδίστης
782 1484 916 1569 γαλήνης
950 1486 1228 1570 κατεμπιμπλῶσι,
1273 1485 1333 1549 καί

240 1584 318 1667 πρὸς
346 1582 404 1670 τόν
425 1587 622 1669 ποθουμένην
643 1584 745 1673 ῥᾷστα
770 1589 1017 1665 παραπέμπουσι
1044 1588 1253 1669 κληρουχίαν,
1282 1586 1331 1673 τῷ

241 1684 349 1772 φόρτρι
372 1689 432 1749 ταῖν
451 1687 617 1769 άγωγίμων
638 1686 880 1767 α’γαλλομένους.
924 1676 1039 1759 άλλους
1057 1685 1116 1764 μὲν
1143 1678 1252 1758 ἄλλοις
1269 1686 1329 1764 ε’μ-

240 1790 413 1867 πρίποντας
435 1780 474 1848 όν
490 1777 597 1866 εόροις
627 1794 692 1859 τοῖς
711 1784 956 1868 κατορθώμασι,
989 1784 1117 1848 καὶτὸν
1135 1788 1194 1864 μὲν
1214 1781 1248 1846 τό
1270 1790 1329 1867 τῆς
1343 1794 1382 1853 ι5

241 1886 423 1967 ἐγκρατείας
450 1882 582 1967 στερρόν
607 1882 718 1960 ου’τοίς
744 1881 847 1965 ἔργοις
874 1885 986 1967 σαφῶς
1015 1882 1251 1968 δπογράφοντα,
1270 1882 1329 1945 τὸν

240 1985 276 2047 δὲ
297 1982 331 2046 τό
355 1984 410 2066 τῆς
440 1978 831 2068 σωφροσόνης,λαμπρόν,
861 1985 917 2044 καί
936 1975 1020 2058 όπως
1041 1982 1061 2064 ἡ
1082 1987 1138 2065 τῆς
1157 1983 1328 2055 α’κολασίας

239 2084 429 2166 περιγίνεται
452 2084 635 2160 δεσποτεία,
662 2079 751 2162 μάλα
771 2086 920 2156 νεανικῶς
941 2080 1179 2145 ε’κδιδάσκοντα·
1220 2080 1327 2163 ἕτερον

238 2187 299 2246 ταῖν
315 2180 435 2264 α’ρετοῖν
454 2177 498 2256 τός
518 2181 683 2267 α’ρχετόπιμ
705 2181 811 2244 πίνακι
838 2180 895 2264 την
916 2184 1024 2263 κτῆσιν
1045 2182 1326 2265 διαζωγραφοῦντα

239 2284 283 2366 τρῖ
303 2284 382 2368 disp·
439 2271 531 2342 άλλον
561 2276 641 2360 πρός
668 2278 801 2363 τηντοῦ
826 2284 900 2361 βίον
921 2278 1038 2355 παντός
1058 2282 1324 2363 παιδοτριβοῦντα
1334 2308 1378 2345 20

239 2380 489 2463 καταφρόνησιν,
510 2374 566 2440 καί
585 2372 679 2442 άλλον
700 2376 780 2462 πρός
810 2378 868 2461 την
890 2383 945 2463 τῆς
967 2382 1074 2463 καινῆς
1095 2377 1186 2462 δόξης
1205 2378 1323 2462 δπερο.

240 2478 318 2556 ψίαν
338 2478 492 2561 κραταιῶς
520 2477 741 2562 δπαλείφοντα.
792 2478 977 2563 Θεοφάνους
1003 2482 1039 2543 δὲ
1066 2480 1125 2543 τοῦ
1157 2476 1323 2543 θειοτάτου

192 2632 196 2639 .
240 2573 361 2657 πατρός
381 2572 613 2657 προσομιλήσας
633 2584 702 2651 ταῖς
722 2576 875 2665 πράξεσι,
894 2580 999 2641 πᾶσαν
1019 2572 1060 2641 dv
1079 2581 1168 2644 ίδέαν
1183 2579 1324 2650 κατίδοις

241 2678 345 2738 καλῶν
365 2674 408 2748 ὡς
424 2678 458 2737 ὲν
476 2676 610 2737 εδθαλεϊ
626 2678 807 2765 παραδείσῳ
831 2683 1116 2762 φυτουργουμένην.

308 2830 337 2889 ,3.
358 2824 473 2889 usi-‘lelna
490 2828 546 2879 Par.

242 2966 372 3028 intuitus,
395 2980 483 3035 eoque
501 2972 628 3034 tanquam
655 2964 722 3018 duce
741 2983 822 3030 usus,
839 2968 1103 3037 trucemprocellam
1123 2976 1181 3020 arte
1200 2978 1322 3038 superat,

243 3047 271 3091 et
288 3038 322 3088 ad
338 3044 439 3087 rectum
457 3052 561 3087 cursum
578 3051 669 3087 navem
694 3037 786 3106 dirigit
795 3040 814 3110 :)
834 3039 928 3089 eadem
946 3039 1002 3090 sere
1020 3041 1048 3090 in
1066 3039 1117 3091 boc
1136 3043 1206 3091 vitae
1226 3042 1321 3108 pelago

240 3108 437 3176 navigantibus,
457 3114 485 3159 et
504 3105 538 3157 ad
555 3114 642 3159 tutum
661 3107 744 3159 futuri
762 3111 863 3162 saeculi
876 3118 982 3179 portum
1000 3110 1118 3162 studiose
1139 3110 1322 3173 tendentibus,

242 3182 397 3247 contingere
412 3186 614 3229 consueverunt
650 3179 803 3231 incredibili
824 3182 896 3231 enim
908 3182 1087 3233 tentationum
1105 3190 1179 3234 aestu
1195 3182 1323 3233 laboran-

242 3252 324 3312 tibus,
341 3248 561 3319 densissimisque
589 3264 696 3301 casuum
715 3249 888 3302 daemoniaca
906 3261 980 3314 arte,
1000 3268 1030 3302 ae
1048 3252 1148 3303 invidia
1167 3270 1207 3303 res
1226 3252 1322 3303 huma-

242 3338 290 3373 nas
316 3321 507 3389 excipientium
525 3320 645 3371 tenebris
663 3322 846 3384 circumfusis,
873 3339 947 3372 resa
967 3322 1064 3374 sanctis
1081 3324 1145 3374 viris
1162 3332 1252 3391 gestae
1270 3324 1321 3373 sub

242 3401 376 3461 aspectum
394 3391 468 3442 velut
484 3392 598 3459 positae,
615 3390 758 3464 splendore
780 3411 828 3443 suo
846 3394 973 3444 nebulam
992 3410 1050 3443 eam
1067 3393 1230 3457 discutione,
1249 3393 1321 3444 ‹livi-

241 3480 330 3533 naque
355 3461 475 3512 doctrina
499 3462 730 3530 perturbationum
757 3463 827 3513 leros
847 3465 984 3531 sopientes
1003 3465 1109 3526 linctus,
1128 3464 1321 3515 iucundissima

240 3534 354 3603 implent
373 3531 580 3653 trnupuillitate;
603 3550 633 3583 ac
653 3534 779 3601 pretiosis
805 3534 937 3585 mercibus
954 3544 1064 3586 onustos
1078 3545 1160 3605 atque
1178 3537 1321 3597 laetantes,

241 3605 412 3673 adoptatam
447 3602 515 3653 acilo
540 3603 691 3673 provehunt
719 3603 904 3657 hereditatem.
948 3606 1016 3656 alios
1035 3608 1116 3673 igitur
1133 3606 1194 3657 aliis
1211 3614 1320 3657 ornatos

240 3674 384 3727 virtutibus
403 3674 538 3725 invenies:
558 3672 602 3725 hic
620 3676 800 3727 abstinentiae
820 3678 939 3743 rigorem·
952 3676 1030 3728 rebus
1050 3679 1116 3747 ipsis
1133 3677 1222 3745 palam
1243 3678 1320 3728 lacit:

202 3784 204 3795 ,
240 3746 288 3797 illu
306 3745 435 3797 castitatis
455 3744 632 3812 splendorem,
649 3754 733 3814 utque
751 3747 964 3799 incontinentiae
980 3748 1020 3798 vis
1038 3759 1194 3817 superetur,
1211 3756 1321 3799 strenue

240 3816 382 3867 admodum
401 3815 495 3866 docet:
515 3814 585 3867 alter
603 3817 716 3868 virtutes
734 3817 810 3867 velut
830 3819 944 3887 principi
962 3818 1081 3870 tabelias
1098 3818 1230 3869 humanae
1247 3820 1321 3869 vitae

240 3887 377 3957 appingit:
399 3886 468 3936 alins
488 3884 523 3935 ad
543 3888 643 3939 saeculi
662 3888 746 3939 totius
766 3894 947 3958 contemptum
959 3889 1059 3941 erssdit:
1076 3899 1119 3941 est
1134 3888 1253 3959 deniquo
1271 3891 1319 3959 qui

239 3958 274 4009 ad
299 3958 405 4008 inanem
436 3959 545 4025 gloriam
572 3957 749 4027 spernendam
774 3959 862 4009 valido
886 3959 1023 4010 accendat.
1066 3970 1095 4011 at
1118 3962 1141 4011 si
1163 3961 1318 4011 divinissimi

239 4028 322 4099 patris
340 4026 515 4095 Theophanis
533 4044 574 4079 res
591 4036 676 4097 gestas
690 4030 916 4093 consideraveris,
933 4038 1061 4101 tanquam
1080 4034 1107 4083 in
1126 4032 1205 4082 hortu
1222 4031 1318 4083 llorido

239 4101 369 4153 virtutum
390 4114 468 4150 omne
489 4114 571 4166 genus
588 4100 651 4151 altis
668 4099 698 4152 in
715 4118 748 4151 eo
766 4100 900 4154 radicibus
915 4101 1038 4154 edultum
1055 4103 1196 4155 inveneris.
