2817 4659
222 168 247 231 ι.
532 164 794 257 ansorrrmrs
821 162 1028 233 orrrcruu.

220 318 243 383 δ
264 319 348 401 νέος,
363 313 444 381 stat
475 318 531 381 καί
555 315 575 399 ἦ
603 316 773 402 οἰκουμένη
798 320 930 404 γίνεται,
950 316 1087 401 Εἰρήνης
1105 310 1145 379 rt
1166 316 1320 400 σκῆπτρα

223 420 456 500 διαδεξαμένης.
506 416 576 480 sart
603 418 640 481 δὲ
667 415 748 480 κατὰ
771 420 846 480 νοῦν
863 413 967 482 πάντα
992 417 1080 503 stirp
1099 417 1226 499 γίγονε,
1250 422 1323 489 τοῖς

223 518 342 583 necem
364 513 419 579 καί
435 521 571 596 πτωχοῖς
590 514 647 599 τὴν
676 508 916 580 οὔσαιν-αυτοῦ
934 514 1145 598 διεσκόρπισα,
1165 517 1220 578 καί
1241 512 1324 587 τούς

222 618 355 690 αἰκειλιος
377 616 545 701 ἐλευθερίᾳ
565 615 783 699 τετίμηκε·τῇ
804 616 839 680 δὲ
854 618 945 703 τιμίῳ
969 614 1071 679 edroi
1090 610 1217 701 αυζδγῳ
1235 611 1325 696 χρή-

223 738 311 794 ματα
341 712 440 777 πολλὰ
463 710 720 798 παρασχόμενος,
751 717 785 778 ἐν
805 716 845 799 τῇ
864 716 919 777 rosi
940 718 1118 797 Πρίγκιπος
1137 715 1220 799 μονῇ
1237 712 1324 777 riud-

224 835 343 898 κειρεν,
364 807 501 897 Εἰρήνην
522 810 634 895 αὐτὴν
657 806 730 876 ἄντί
755 808 927 893 Μεγάλους
945 809 1118 903 ὀνομάσας.
1163 809 1262 887 αδτδς
1284 812 1326 877 δὲ

224 915 269 999 τῷ
289 916 387 999 κυρίῳ
412 907 527 975 ἑαυτὸν
545 914 735 997 προσφέρων
757 908 919 994 ἱερουργεῖ
933 914 967 976 δν
986 915 1028 999 τῇ
1042 913 1077 977 ἐν
1097 913 1141 1000 τῷ
1162 914 1225 975 sois
1244 914 1324 993 Σιγ·

224 1016 409 1095 γριανιαίων
427 1002 493 1091 ipss
520 1014 646 1097 κειμένῃ
665 1010 757 1097 μόνῃ,
779 1013 988 1097 Πολυχρονίρ
1017 1014 1178 1098 λεγομένῃ.
1218 1032 1326 1089 μονα.

223 1112 287 1193 χεῦ
318 1111 353 1174 δὲ
380 1110 481 1173 oritoni
508 1112 692 1193 γενομένου,
715 1108 784 1170 οὐδ’
811 1102 894 1183 δλοος
911 1106 948 1172 εδ
973 1099 1085 1191 δρχειν
1109 1111 1323 1187 κατεδέξατο·

225 1212 297 1274 ἀλλ’
318 1210 352 1273 δν
375 1210 413 1295 τῇ
434 1211 523 1294 κέλλῃ
546 1206 764 1290 καθεζόμενος,
791 1208 823 1284 ἐξ
845 1207 968 1271 οἰκείαν
986 1210 1104 1290 χειροῖν
1121 1206 1177 1289 τήν
1196 1206 1325 1293 τροφὴν

225 1311 396 1395 ἐπορίζετο,
418 1308 641 1391 καλλιγραφοόν
661 1302 773 1390 ἑξαετῆ
790 1308 906 1390 χρόνον
923 1308 1070 1389 διηνεκῶς
1091 1308 1126 1371 ἐν
1146 1307 1324 1394 τῇκαλου-

226 1411 305 1495 μένῃ
325 1408 408 1497 νήσῳ
440 1409 497 1491 τῆς
521 1407 743 1489 Καλανδμου,
764 1408 799 1471 ἓν
826 1398 850 1491 ᾖ
868 1402 1081 1488 συνεστήσατο
1096 1405 1198 1480 αὐτὸς
1217 1408 1320 1492 μονῇ·

228 1508 282 1572 καί
303 1502 399 1571 πάλιν
417 1504 547 1589 ἔρχεται
567 1508 601 1569 ἐν
621 1509 665 1592 τῷ
687 1508 740 1587 τῆς
762 1505 952 1589 Σιγγριανῆς
971 1496 1047 1588 δρα.
1089 1508 1135 1591 τῷ
1151 1506 1189 1568 δὲ
1207 1528 1324 1589 πεντη·

227 1606 325 1693 ιιοστςδ
345 1608 400 1687 τῆς
434 1608 517 1689 ζωῆς
536 1604 638 1669 αὐτοῦ
655 1602 782 1693 χρόνῳ,
805 1602 953 1690 α’σθενείρ
975 1602 1038 1667 τινί
1057 1604 1280 1689 παραδίδοται,
1302 1600 1323 1688 ἦ

226 1728 274 1781 τις
295 1698 333 1789 ἦν
353 1704 493 1779 λιδίασις
513 1701 651 1779 κύστεως
670 1706 726 1767 καί
752 1706 934 1790 νεφριτικῆς
956 1704 1146 1779 ἀκολουθίας
1166 1703 1324 1782 σίμπτω.

144 1807 146 1815 ’
227 1828 284 1885 μα.
335 1802 370 1866 ἐκ
398 1800 510 1866 τούτου
538 1799 647 1866 λοιπόν
668 1802 726 1867 sori
754 1805 898 1884 χαλεποδ
933 1801 1110 1884 νοσήματος
1135 1798 1239 1883 ἔμεινε
1266 1801 1325 1866 δια

228 1898 344 1977 παντὸς
362 1903 418 1967 τοῦ
437 1900 511 1983 βίον
532 1902 678 1985 κλινήρης
697 1900 754 1965 καί
773 1901 924 1984 α’κίνητος.
965 1898 1046 1981 μετὰ
1068 1901 1171 1967 ταῦτα
1192 1902 1325 1979 ἐδέξατο

230 1999 270 2067 εδ
290 2004 440 2087 σκῆπτρα·
454 2003 510 2083 τῆς
530 2004 694 2082 βασιλείας
706 1986 802 2067 Adoni
822 1998 1031 2085 δἈρμένιος.
1059 2002 1131 2065 ἀλλ’
1148 1992 1201 2064 οἷα
1221 2004 1323 2088 τούτῳ

231 2103 446 2185 συμδίβηκεν,
473 2099 578 2175 οδδείς
607 2101 725 2183 α’γυοεῖ.
779 2102 855 2173 τέως
874 2102 910 2163 δὲ
928 2097 947 2161 δ
968 2098 1101 2184 ἀνόητος
1120 2098 1175 2164 καί
1196 2100 1325 2174 δνόσιος

228 2201 343 2279 πέμπει
357 2200 435 2286 πρδς
455 2198 510 2265 τὸν
523 2202 581 2263 τοῦ
598 2202 678 2263 θεοῦ
696 2193 876 2282 ἄνθρωπον,
896 2199 980 2281 ἐλθέ,
997 2203 1106 2281 λέγων,
1126 2190 1217 2277 εὖξαι
1236 2197 1322 2280 ὑπὲρ

229 2296 327 2385 ἡμῶν,
352 2294 400 2365 ὅτι
414 2298 493 2364 κατὰ
514 2296 686 2381 βαρβάρων
706 2298 898 2379 ἀπέρχομαι.
940 2294 1038 2371 ου’τδς
1058 2301 1095 2361 δὲ
1114 2296 1168 2361 διδ
1189 2296 1226 2363 τδ
1249 2298 1323 2361 α’κί·

228 2420 318 2482 νητος
339 2391 430 2484 εἶναι,
450 2400 485 2463 ἐκ
496 2398 552 2482 τῆς
574 2394 695 2483 δμιέξιγς
705 2400 855 2482 μετετέθη
869 2397 915 2472 είς
932 2403 1048 2482 πλοῖον,
1069 2401 1123 2463 καί
1134 2389 1222 2481 ἤχθη
1240 2394 1323 2481 αρδς

231 2696 293 2732 curn
313 2678 367 2732 Leo
384 2680 540 2751 imperator,
557 2686 615 2731 tum
627 2681 680 2732 viri
691 2696 768 2734 socer
785 2680 867 2733 vitnau
877 2686 1053 2745 commutant,
1070 2652 1253 2749 deincepsque
1269 2688 1323 2731 ne·

230 2751 294 2803 dum
315 2752 428 2813 iuvenis,
448 2750 496 2802 sed
515 2760 543 2804 et
561 2750 634 2803 orbis
654 2754 713 2821 ipse
732 2751 886 2821 iiberagit‚
906 2754 984 2803 irene
994 2758 1106 2819 augusta
1118 2760 1222 2819 sceptra
1242 2760 1323 2819 post-

230 2821 338 2876 modum
357 2822 525 2873 moderante.
563 2840 622 2873 cum
643 2824 737 2893 itaque
764 2840 798 2873 ex
816 2832 880 2874 voto
898 2828 995 2872 cuncta
1014 2822 1209 2884 successissent,
1226 2822 1321 2889 egenis

231 2906 261 2943 tc
279 2893 443 2962 pauperibus
462 2892 639 2945 substantiam
657 2892 806 2956 distribuit,
824 2906 967 2962 servosque
986 2890 1114 2943 libertate
1131 2891 1251 2943 donavit.
1269 2908 1322 2943 no·

231 2962 378 3015 bilissimas
398 2971 486 3014 eutem
515 2964 622 3032 coniugi
648 2963 775 3031 elargitus
803 2962 900 3014 multas
922 2962 1067 3032 pecunias,
1084 2964 1113 3013 in
1132 2963 1261 3031 Principis
1280 2963 1321 3014 ita

155 3056 159 3064 ·
231 3034 305 3086 dicto
325 3036 489 3085 monasterio
514 3034 655 3097 (totondit,
685 3034 806 3103 ldegalus
828 3035 937 3084 nomine
955 3034 984 3085 in
1011 3034 1107 3083 irenen
1134 3033 1178 3085 illi
1197 3050 1319 3085 cornino-

230 3112 296 3157 teto.
333 3104 356 3155 is
374 3120 436 3156 vero
454 3118 483 3156 se
502 3105 612 3157 domiuo
622 3122 718 3156 munus
735 3114 874 3156 consecret
890 3106 920 3156 in
933 3104 1105 3165 monasterio,
1123 3102 1198 3173 quod
1216 3106 1244 3154 in
1255 3105 1321 3156 Sin-

229 3177 380 3244 grianorum
406 3182 498 3227 monte
526 3176 606 3227 situm
637 3176 808 3242 Polychronii
837 3176 1067 3244 nuncupationem
1096 3173 1186 3225 habet.
1231 3174 1319 3226 lactus

229 3244 384 3308 monachus,
405 3262 528 3315 praeesse
545 3247 622 3298 nullo
640 3248 722 3298 modo
741 3247 883 3310 sustinuit,
908 3245 956 3297 red
972 3247 1001 3297 in
1018 3245 1118 3296 cellula
1138 3244 1243 3307 sedens,
1261 3262 1320 3297 ma-

230 3334 313 3369 nuum
334 3316 427 3369 labore
446 3318 545 3369 rictum
563 3315 682 3387 parabat,
700 3317 847 3369 scribendis
859 3314 994 3369 codicibus
1014 3334 1072 3368 sese
1090 3314 1249 3385 impendens
1269 3334 1318 3367 an·

230 3404 280 3439 nos
301 3402 347 3439 sex
367 3388 509 3439 continuos
527 3388 661 3440 ininsula
680 3388 752 3439 dicte
773 3388 943 3455 calonymus,
963 3388 992 3439 in
1010 3404 1044 3438 eo
1062 3388 1226 3437 monasterio
1243 3388 1320 3456 qnod

230 3466 409 3510 exstruxerat:
427 3458 579 3529 iterumque
596 3460 739 3511 revertitur
756 3457 789 3510 ad
809 3458 963 3525 Singrienae
989 3465 1118 3509 montem.
1155 3457 1251 3509 aetatis
1269 3474 1320 3508 su·

228 3536 284 3579 tem
302 3544 373 3581 anno
395 3530 614 3601 quinquagesimo
632 3529 792 3599 aegritudini
812 3531 998 3597 corpusculum
1016 3527 1140 3589 traditur,
1157 3541 1256 3599 nempe
1272 3544 1320 3580 ve·

229 3600 284 3650 sien
302 3597 529 3669 petrerceute,¹ac
547 3601 764 3653 renumruolesto
776 3600 818 3650 illi
838 3599 941 3650 dolore.
959 3615 992 3651 es
1010 3600 1059 3651 illo
1077 3599 1207 3669 deinceps
1224 3599 1319 3651 morbo

229 3670 323 3721 afflicta
341 3670 507 3733 valetudine,
524 3680 608 3724 totam
626 3673 707 3723 vitam
728 3673 798 3722 lecto
810 3669 973 3721 decumbens
991 3670 1056 3736 egit,
1074 3686 1124 3721 nec
1143 3670 1194 3720 sibi
1213 3680 1319 3722 motum

228 3740 360 3809 imperare
380 3742 481 3793 valens.
538 3750 613 3795 ostea
632 3744 687 3795 Leo
706 3742 845 3794 Armenius
865 3740 972 3809 imperii
1000 3746 1104 3807 sceptra
1123 3741 1258 3810 copessit=
1272 3758 1320 3793 ue·

229 3826 286 3861 rum
307 3810 373 3881 quid
391 3812 433 3863 illi
453 3814 506 3865 acci
528 3814 595 3875 erit,
621 3828 701 3864 nemo
727 3812 821 3863 nescit.
867 3810 998 3863 hactenus
1016 3827 1080 3863 vero
1106 3809 1189 3860 lroruo
1206 3810 1318 3863 demens

229 3880 357 3933 scelestus
397 3882 464 3934 ead
485 3882 529 3934 dei
548 3884 634 3933 virum
652 3883 746 3944 mittit,
762 3882 896 3953 iubetque
923 3882 1022 3942 veniat,
1043 3896 1075 3931 ac
1093 3880 1146 3932 sibi
1164 3896 1319 3949 comprece-

228 3955 283 4011 λιιι,
301 3968 356 4021 quo
401 3952 527 4007 adversus
554 3954 645 4005 hostes
673 3952 874 4024 expeditionem
900 3960 1073 4021 suscepturus
1096 3951 1140 4002 sit.
1175 3950 1225 4001 ills
1245 3952 1318 4018 quod

228 4038 307 4094 aegro
326 4038 438 4093 corpore
454 4040 513 4076 sese
530 4038 635 4081 movere
653 4041 710 4079 nou
722 4031 822 4096 posset,
836 4042 852 4076 e
869 4025 989 4096 plaustro
1005 4022 1036 4073 in
1051 4021 1175 4094 scaplssm
1188 4022 1317 4073 transier-
