2817 4659
240 233 311 307 xvi
584 242 840 307 arraopaams
872 246 979 308 vius.

239 416 300 457 των
322 384 416 475 ἦττον
441 392 478 455 ου’
501 397 681 472 δυνομένων
701 390 876 477 ύποστῆναι
902 397 1084 476 γενόμενοςς
1106 393 1256 482 ἢδῆλοτ,
1279 396 1323 473 (ὃς

235 492 333 575 μικρὰ
355 500 419 567 τοῖς
439 494 599 575 προτέροις
618 493 813 578 ε’νομτλησας,
832 498 890 557 τοῦ
911 497 1076 578 δειχθῆναι
1089 494 1186 583 χάριν
1205 496 1323 560 ὁποίων

236 589 413 675 ὑπερόπτης
435 597 594 675 γεγένηται
627 594 670 676 τῷ
691 596 809 679 φιλτριρ
839 596 1050 677 πεπεδημένος
1065 598 1135 659 Ιτού
1153 600 1322 683 κτίσαντος,

216 686 308 765 ’δ’λος
330 692 392 753 τῶν
414 692 530 771 α’ρετιύν
546 690 625 753 κατὰ
652 689 711 773 την
731 694 851 755 ἐκείνου
871 690 1044 774 γενήσομαι
1065 692 1237 777 πρόθεσιν,

312 780 440 869 Ἢνεγκε
471 788 524 851 τὸν
552 790 733 869 θαυμάσιον
762 796 883 873 πατέρα
911 795 1023 873 πατρίς
1042 793 1062 875 ἡ
1082 797 1247 875 βασιλείας
1267 798 1355 877 ἐρ’-5

236 883 489 968 καλλωπιζρρίένη
509 889 551 974 τῷ
574 885 729 967 α’ξαύματι
759 892 813 952 καί
831 890 894 954 τῶν
920 883 1024 954 ἄλλων
1043 891 1177 973 danucia
1197 895 1252 957 ἐπὶ
1269 915 1322 956 το.

235 988 351 1050 σοθτον
366 986 576 1072 α’νρτκισμένη,
598 982 670 1051 ὅσον
690 985 772 1062 εἰκὸς
790 990 853 1051 τῶν
871 990 1055 1071 ἀρχομένων
1072 988 1130 1073 τη“ν
1150 993 1322 1053 ‹leonnato-

237 1106 346 1148 ουσαν.
391 1085 465 1167 περί
486 1076 520 1167 ἧς
540 1085 639 1147 πολλὰ
670 1090 770 1168 λέγειν
794 1088 913 1152 ἐθέλων
934 1090 978 1173 τῷ
998 1111 1032 1151 τε
1053 1093 1152 1152 πάντα
1173 1087 1227 1153 τὸν
1247 1088 1326 1171 περί

235 1184 331 1263 αύτῆς
343 1182 441 1287 ελδχον
460 1186 570 1267 μακρῷ
587 1186 629 1271 τῷ
648 1186 755 1271 με’σσρι
776 1188 987 1267 παρατρέχειν
1005 1185 1062 1269 την
1082 1186 1241 1269 αἴσθησιν,
1263 1186 1323 1249 κατ’

231 1284 276 1367 τῷ
307 1283 392 1362 δῆλα·
416 1281 493 1345 πᾶσι
524 1284 714 1345 καθεστάναι
744 1282 783 1346 τύ
818 1283 892 1365 περί
924 1286 1040 1367 ταύτης
1069 1285 1220 1367 λεγόμενα
1254 1292 1321 1359 τοῖς
1336 1324 1376 1363 ,0

234 1378 294 1443 ciani
316 1382 419 1443 πᾶσαν
440 1381 578 1445 οἰκοῦσιν
598 1377 674 1464 ὅσην
704 1382 807 1470 ε’φορρῐ
827 1378 928 1467 ἥλιος,
955 1382 1209 1465 α’νακύμπτομαι.
1250 1408 1321 1466 χεν-

231 1478 355 1561 νὴτορες
376 1481 412 1543 δὲ
437 1475 466 1542 οἱ
497 1478 663 1567 τηλικαύτῃ
684 1485 761 1568 γονῇ
790 1486 844 1545 καί
861 1484 1163 1565 πατριδι-καταξιλτν
1183 1486 1320 1565 ἐπιγρα-

232 1576 383 1661 φόμενοι,
406 1574 529 1665 πλούτῳ
558 1579 730 1663 κομῶντες,
761 1583 934 1665 οτρατηχίρ
954 1582 1167 1662 λαμπόμενοι,
1188 1583 1322 1667 ἀρεταῖς

230 1672 370 1751 ἁπάσαις
395 1677 685 1762 δορυφορούμενοι,
708 1682 752 1766 τῷ
771 1682 893 1765 φιλτριρ
913 1678 1037 1743 πάντων
1058 1677 1197 1761 μάλιστα
1220 1706 1318 1746 κατε-

229 1773 387 1861 στίφοντο,
410 1775 449 1839 ού
467 1780 530 1843 τῶν
544 1780 704 1860 θεοφιλῶν
721 1776 827 1858 μόνον,
849 1780 902 1841 καί
916 1770 962 1853 οἷς
984 1774 1004 1862 ἦ
1019 1783 1236 1861 καλοκαγαθία
1256 1782 1319 1866 την
1331 1799 1371 1860 ,5

230 1878 342 1959 φιλίαν
358 1877 539 1957 προυξένει,
568 1876 643 1939 otti
670 1877 731 1939 τῶν
751 1874 832 1951 ἴσοις
862 1880 1121 1961 φαιδρυνομέντον
1136 1887 1200 1953 τοῖς
1219 1873 1317 1958 dara.

227 1998 344 2061 μασιν,
373 1976 403 2037 εἰ
429 1974 485 2038 καί
511 1976 654 2059 χειρίστη
682 1975 873 2039 συνδεθεϊοα
902 1974 1007 2057 ψυχή,
1035 1968 1081 2051 οἷς
1107 1977 1128 2060 ἦ
1155 1979 1249 2060 χρεία
1270 1983 1316 2065 τῷ

228 2074 348 2163 φιλτριρ
368 2074 556 2158 παρείχετο,
589 2071 668 2135 α’λλὰ
698 2074 860 2153 τυράννων
885 2079 941 2137 καί
967 2080 1122 2153 βασιλέων
1141 2077 1261 2157 αὐτῶν,
1283 2078 1320 2141 ot

228 2172 261 2236 τὸ
283 2173 475 2255 ύπερβύλλον
503 2176 557 2255 τῆς
589 2166 703 2256 ἆρετῆς
733 2173 857 2235 ἐκείνων
876 2171 1073 2257 αἰδούμενοι,
1096 2176 1313 2259 διαφερόντως

229 2272 285 2356 την
306 2275 415 2358 φιλίαν
441 2271 623 2357 η’σπύζοντο.
676 2268 827 2345 'laudatae
855 2276 910 2335 καί
928 2271 1064 2355 Θεοδότη
1091 2274 1214 2347 τούτοις
1244 2272 1311 2338 ύνύ.
1321 2316 1369 2354 20

229 2398 332 2457 ματα,
365 2370 399 2435 εἴ
412 2394 445 2453 με
467 2374 522 2435 καί
540 2372 694 2451 σ’νόματος
722 2369 798 2450 ύμῖν
829 2374 927 2450 μέλει.
973 2377 1090 2453 γίνεται
1108 2372 1232 2447 τούτοις
1253 2378 1313 2436 τοῦ

229 2473 345 2537 πολλοῦ
367 2473 421 2534 κατ’
448 2472 594 2551 μεγίστου
623 2468 738 2555 κλήρου
770 2465 917 2551 διάδοχος
939 2468 955 2531 ὁ
977 2473 1032 2533 νύν
1053 2466 1128 2555 ἡμῖν
1144 2473 1190 2548 εἰς
1211 2474 1311 2557 εύφη-

303 2668 340 2733 ιλ.
361 2665 422 2717 lori.
440 2666 647 2735 narrarentur.
731 2679 770 2731 ¹7·
791 2663 853 2714 sort.
869 2668 994 2735 χειρίστη
1014 2665 1177 2719 συνδεθεῖσι
1190 2667 1271 2739 ψυχῇ.

231 2838 274 2881 cet
302 2831 329 2881 in
354 2828 490 2897 prioribus
516 2826 690 2889 immorabor,
718 2833 749 2877 ut
773 2825 930 2888 ostendam,
957 2842 1088 2895 quaenam
1107 2830 1166 2896 ipse
1182 2831 1311 2880 creatoris

232 2918 319 2951 amore
338 2900 514 2951 inflammatus
538 2899 744 2966 contempserit,
769 2905 797 2947 et
823 2914 872 2967 pro
893 2897 978 2948 nihilo
1005 2899 1126 2951 duxerit:
1146 2899 1244 2951 deinde
1261 2916 1311 2969 pro

232 2974 305 3024 illius
324 2971 456 3039 propositi
475 2970 578 3021 ratione
598 2966 743 3019 virtutihus
762 2967 819 3017 eiua
838 2968 1004 3037 exponendis
1022 2978 1095 3020 totus
1113 2970 1241 3023 insistam

299 3042 378 3094 Tulit
394 3042 479 3092 virum
501 3040 572 3091 bunc
589 3036 772 3090 admirabilem
790 3037 838 3087 illa
859 3040 955 3106 patria,
972 3056 1041 3108 quae
1058 3042 1162 3109 imperii
1180 3040 1313 3108 dignitate

232 3114 375 3173 decorata,
402 3113 514 3163 caeteris
532 3108 656 3163 omnibus
676 3116 779 3160 tautum
796 3110 946 3169 antecellit,
963 3118 1091 3179 quantum
1112 3113 1229 3179 reginam
1246 3112 1315 3162 snb.

232 3184 294 3235 clitis
311 3190 447 3251 praestare
470 3198 518 3251 par
537 3189 591 3233 est:
617 3180 651 3231 de
677 3196 731 3249 qua
752 3178 837 3229 multa
863 3196 907 3230 me
926 3180 1015 3231 dicere
1032 3182 1168 3234 volentem
1186 3182 1313 3252 impedit,

231 3264 287 3306 tum
308 3252 382 3323 qnod
408 3253 482 3304 nulla
506 3252 635 3303 sermonis
659 3251 685 3299 vi
705 3250 833 3318 explicari
851 3258 980 3319 possunt,
1007 3268 1078 3320 quae
1097 3252 1131 3303 de
1148 3253 1198 3303 illa
1217 3270 1314 3305 sensus

231 3328 381 3388 renuntiat;
409 3331 465 3376 tum
490 3322 563 3394 quod
584 3320 721 3383 omnibus,
741 3336 916 3390 quascunque
933 3322 975 3372 sol
992 3321 1096 3389 aspicit,
1117 3332 1204 3376 terrae
1221 3333 1316 3393 partes

232 3394 416 3447 babitantibus
434 3402 496 3445 sunt
515 3392 645 3459 cognitae.
680 3389 836 3459 parentibus
861 3399 935 3442 ortua
956 3399 997 3443 eat
1014 3393 1065 3444 tali
1081 3394 1189 3457 sobole,
1208 3396 1316 3463 patria-

232 3483 285 3536 que
304 3466 398 3533 digeris,
419 3466 466 3535 qui
486 3464 586 3515 divitiis
602 3462 748 3524 affluentes,
768 3462 878 3513 militari
898 3461 982 3529 gloria
1001 3462 1075 3526 clari,
1091 3466 1163 3515 omni
1183 3466 1315 3518 virtutum

230 3538 313 3593 eboro
332 3538 431 3598 ornati,
458 3536 577 3587 omnium
594 3534 622 3583 in
641 3548 669 3585 se
689 3526 805 3583 umordm
831 3532 1039 3601 propensissimo
1058 3536 1155 3586 allecta
1171 3544 1319 3587 converte·-

232 3618 304 3660 raut:
320 3624 375 3660 nou
396 3624 487 3659 eorum
506 3606 636 3657 duntaxat
653 3604 700 3673 qui
720 3604 851 3671 religiosis
865 3602 986 3653 moribus
1003 3605 1146 3667 eniterent,
1164 3624 1194 3656 ac
1213 3606 1317 3675 quibus

230 3680 351 3750 probitas
379 3679 437 3747 ipsa
464 3678 603 3728 amicitiam
628 3675 745 3739 laceret;
769 3680 817 3723 aut
843 3673 889 3741 qui
908 3673 1018 3741 paribus
1042 3685 1119 3727 eraut
1135 3676 1318 3741 dignitatibus

231 3754 366 3817 insignes,
392 3749 456 3800 lieet
484 3750 597 3817 pessimo
620 3753 710 3797 essent
735 3745 825 3794 auimo
843 3742 975 3813 praediti,
991 3752 1073 3815 atque
1091 3749 1232 3797 amicitiam
1249 3765 1319 3817 pro·

230 3823 294 3891 priis
313 3818 458 3871 cormuorlis
476 3820 647 3869 molirentur:
665 3830 758 3867 verum
777 3814 857 3864 etiam
870 3822 1052 3879 tyrannorum,
1070 3818 1241 3887 ipsorumque
1261 3820 1318 3870 im-

230 3900 400 3961 peratorum,
427 3890 472 3959 agui
499 3890 550 3957 ipsi
569 3887 672 3957 virtutis
694 3901 785 3935 eorum
809 3886 999 3953 praestantiam
1018 3888 1132 3951 reveriti,
1149 3890 1229 3956 louge
1246 3888 1314 3940 elan·

232 3964 347 4012 rissinros
368 3960 508 4011 lrabebaut.
545 3959 660 4009 isaacius
681 3964 709 4006 et
727 3954 886 4019 Theodotus,
902 3957 925 4005 si
942 3956 1007 4023 quid
1026 3958 1102 4009 vobis
1116 3961 1195 4011 etiarn
1213 3976 1315 4013 nomen

231 4042 272 4081 est
292 4048 386 4092 crucae,
409 4030 580 4082 vocabantur.
624 4026 665 4077 bis
693 4025 870 4093 amplissimae
892 4025 1051 4079 hereditatis
1077 4038 1215 4083 natusest
1234 4031 1315 4083 lieres

231 4104 288 4165 ille,
311 4104 357 4174 qai
374 4099 452 4155 nobis
472 4102 497 4153 in
518 4099 668 4169 praeseutia
686 4093 838 4149 laudandus
857 4104 915 4149 est:
943 4105 1119 4169 maternaque
1136 4104 1233 4153 effusus
1248 4103 1314 4155 aluo
