2817 4659
420 265 790 335 cnaorsoomoms.
1053 239 1138 329 303

97 421 140 484 ssi
155 427 212 494 τοῖς
227 419 432 494 πεντακοσίοις
451 415 599 484 ἱππεῦσιν
620 425 732 486 εἵπετο.
773 418 1000 503 καταλαβόντες
1015 421 1050 485 di
1070 419 1144 498 τούς
1152 442 1186 496 υ,
1197 443 1244 498 ,33

99 521 268 603 Θύαντλήλους
292 519 326 582 ἒν
359 519 404 602 τῷ
428 515 619 605 Τρικαμοὶρῳ
649 521 987 603 στρατοπεδεύσαντας,
1019 517 1145 601 ἔμειναν

96 617 140 700 τὴν
152 616 234 682 νύκτα
250 620 376 701 πληστον
394 615 547 699 ἀλλήλων.
567 623 684 702 συνέβη
714 620 749 683 δὲ
768 623 861 701 τέρας
881 622 1028 703 γενέσθαι
1047 622 1082 684 ἐν
1100 624 1176 708 aspin

92 718 226 803 Ῥωμαϊκῷ
244 719 372 804 στρατῷ.
420 718 485 780 τῶν
514 713 577 799 γύρ
607 720 750 797 δοράτων
777 715 817 780 ταὶ
838 711 920 800 ἄκρα
947 715 1026 804 πυρὶ
1041 722 1145 808 πολλρῖ

76 818 283 896 ύκαττλάμπετο.
330 819 421 881 τούτο
439 815 632 894 θεασάμενοι
651 813 907 900 κατεπλάγησαν·
950 814 1145 904 φραξάμενοι

96 920 125 980 rt
140 910 198 994 ἅμα
215 918 298 996 πρωῒ
313 913 490 1002 α’μφύτεροτ
510 911 588 995 πρὸς
613 911 666 980 ads
687 911 825 996 πόλεμον
840 913 1001 1002 ὥρμησαν.
1042 917 1145 983 'duris-

95 1037 139 1097 νρς
154 1017 185 1080 δὲ
202 1017 259 1079 τῶν
277 1012 360 1101 ἄμφ’
380 1011 476 1079 αύτύν
494 1013 621 1095 ύλύγους
647 1011 865 1096 ύπτλεξύμενος
883 1016 939 1080 τόν
957 1039 990 1082 τε
1004 1017 1146 1100 ποταμόν

94 1116 166 1197 lss'tlp
182 1112 311 1188 καὶτοῖς
344 1111 539 1196 Ούανδῆλοτς
561 1112 731 1194 εἰσέβαλεν.
787 1109 803 1176 ὃ
833 1117 869 1180 δὲ
891 1113 1039 1195 Τζύτζων
1068 1119 1147 1182 dos.

93 1213 149 1298 σμρῖ
161 1212 345 1296 χρησάμενος
367 1213 494 1290 ἐδτλοξεν
515 1211 620 1278 αύτύν.
670 1209 700 1275 oi
722 1213 757 1278 δὲ
781 1207 960 1298 Ούανδῆλοι
982 1217 1146 1292 δασύνοντες

62 1303 154 1392 ιούχρι
182 1313 222 1387 εἰς
239 1312 289 1377 τὸν
309 1309 450 1388 ποταμὸν
469 1303 580 1392 ἦλθον.
629 1303 727 1386 αὖθις
752 1311 787 1376 δὲ
809 1306 954 1397 Ἰωάννης
968 1317 1147 1391 Ιπλείστους
1231 1339 1236 1350 ·

91 1415 140 1474 asir
157 1411 351 1478 ὑπασπιστῶν
359 1415 549 1495 Βελισαρίου
568 1408 675 1490 λαβών
698 1407 778 1474 νατύ
800 1414 859 1475 τού
876 1413 1058 1491 Τζύτζοννσς
1080 1416 1181 1488 εἰσ-Ρ,
1196 1437 1242 1508 ¹⁶7

89 1509 215 1595 επὴδπσεν
242 1510 302 1576 σύν
331 1514 393 1598 βοῇ
418 1533 452 1575 τε
477 1514 533 1575 κατ’
551 1507 678 1597 πατάγῳ
697 1511 813 1596 πολλῷ.
854 1513 967 1592 γίνεται
988 1505 1045 1576 σύν
1069 1539 1145 1596 καρ.

89 1608 150 1690 seori
168 1609 184 1694 ἡ
200 1614 295 1696 μα’χη,
317 1610 371 1674 καί
390 1614 496 1674 πίπτει
519 1611 668 1690 Τζοὶτζων
688 1607 705 1672 ὅ
726 1610 783 1674 τού
805 1609 837 1674 Γ
833 1611 975 1695 ελύμερος
997 1612 1145 1698 ἀδελφός.

89 1705 142 1771 sisa
158 1710 192 1792 o}
211 1714 272 1776 πᾶν
303 1712 340 1775 τὸ
357 1709 538 1792 στράτευμα
562 1704 729 1790 Ῥωματλον
749 1706 803 1774 τὸν
821 1707 959 1788 ποταμὸν
981 1711 1147 1793 διαβάντες

59 1805 132 1869 sis'rss'
144 1809 208 1884 τούς
221 1814 390 1890 πολεμίους
411 1807 587 1892 ύχύρησαν,
608 1812 664 1873 κατ’
676 1804 805 1884 τούτους
825 1809 1027 1892 τρεψάμενοι,
1048 1815 1145 1898 μέχρι

91 1909 135 1966 τού
151 1913 351 1989 στρατοπέδου
373 1911 524 1986 ἐδίωξαν·
573 1905 628 1971 κατ’
644 1906 902 1992 ύποστρέψαντες
925 1905 1000 1985 τούς
1019 1911 1147 1995 νεαρούς

89 2002 202 2070 α’πέτλοον
218 2002 286 2071 door
306 2007 445 2088 μάλιστα
457 2001 708 2092 ἐχρυσοφύρουν,
730 2009 785 2072 κατ’
797 2009 841 2082 εἰς
861 2003 1030 2074 τόἓαυταῑν
1049 2037 1147 2090 στρα-

88 2099 193 2168 τόπεδον
211 2105 432 2191 ύπεχώρησαν.
474 2106 636 2170 ἀπέθανον
670 2107 706 2170 di
728 2109 761 2170 lv
782 2101 882 2191 ταύτῃ
903 2107 942 2193 τῇ
963 2107 1050 2195 μάχῃ
1067 2109 1145 2173 ‘Pso-

87 2201 169 2278 μαίαν
184 2205 379 2291 πεντήκοντα,
401 2202 593 2290 Ουάνύήλτον
615 2208 651 2270 di
670 2203 857 2270 ὀκτακόσιοι.
900 2205 1089 2289 καταλαβών
1108 2209 1145 2272 δὲ

143 2398 162 2434 s.
178 2383 376 2446 καταλαβόντες
391 2383 422 2442 Α,
439 2381 630 2453 καταλαβόντα
648 2381 721 2448 vulg.
810 2395 835 2433 α.
853 2381 969 2452 ἔμειναν
980 2381 1012 2446 Α,
1031 2382 1143 2454 ἔμειναν

140 2451 203 2519 vulg.
272 2473 297 2522 7.
320 2451 429 2514 ἄπολεξ.
447 2455 476 2504 Α.
567 2470 606 2507 ιο.
619 2453 764 2511 πλείστους
781 2451 811 2515 d,
828 2454 940 2514 πλείους
955 2455 1029 2520 vulg.
1105 2453 1142 2504 16.

139 2521 423 2647 fflffffifffiww
440 2523 511 2592 vulg.
620 2541 659 2595 sp
682 2521 838 2590 Οὐανύῆλοτ
855 2523 886 2574 Α.
979 2523 1010 2580 di
1028 2525 1143 2578 alterum

87 2769 149 2832 listis,
163 2772 250 2824 loanni
268 2773 404 2833 Armenio,
423 2779 454 2823 ut
471 2770 617 2842 equitibus,
639 2779 746 2840 practer
758 2773 929 2841 quingentos,
950 2773 1081 2824 universis
1099 2788 1143 2826 se.

86 2856 130 2890 run
145 2845 284 2914 assumptis,
301 2841 477 2896 inVaudalos
500 2859 628 2912 egressus,
644 2843 847 2894 velitationibus
861 2860 975 2912 pugnam
991 2843 1144 2908 lacesseret,

85 2911 200 2964 conlecti·
225 2914 377 2986 imperavit.
426 2913 485 2983 ipse
505 2921 612 2982 postero
636 2913 696 2964 luce
722 2931 782 2965 cuns
807 2913 971 2982 pedestrium
999 2913 1085 2982 copiis
1114 2923 1143 2968 et

84 2983 181 3049 equitum
196 2985 251 3037 iilis
269 2984 424 3055 quingentis
449 2999 521 3052 pone
547 2983 719 3068 sequebatur.
766 3001 824 3034 curu
845 2991 933 3035 mrtem
952 2983 1090 3036 Vandalus
1108 2985 1142 3037 ad

83 3049 236 3108 Tricsnrssum
268 3063 356 3108 castra
371 3061 486 3106 metatos
507 3055 662 3116 invenisset,
678 3055 754 3106 iuxta
772 3055 931 3106 seinvicem
949 3063 1029 3106 nocta
1047 3056 1094 3106 illa
1113 3057 1143 3108 in

84 3125 157 3175 tastris
171 3127 274 3197 utrique
292 3132 434 3177 steterunt.
481 3125 510 3176 in
527 3127 646 3176 Romano
662 3141 726 3176 vero
746 3125 863 3176 exercitu
882 3131 1035 3197 portentum
1054 3127 1142 3180 videri

82 3195 180 3263 contigit.
203 3196 341 3249 hastarum
355 3197 430 3247 enim
452 3195 576 3264 cuspides
597 3196 688 3262 ignitis
702 3196 805 3247 emissis
824 3195 903 3246 radiis
919 3195 1067 3248 collucere:
1087 3213 1142 3268 quo

82 3263 126 3313 viso
138 3268 219 3318 cuncti
233 3277 338 3320 terrore
355 3265 509 3334 stupefacti.
551 3267 637 3334 primo
662 3267 820 3336 crepusculo
840 3267 917 3318 armis
941 3267 1069 3337 utrinque
1084 3285 1143 3318 mu-

82 3333 122 3385 niti
136 3336 166 3388 ad
184 3336 375 3390 conserendam
397 3353 514 3406 pugnam
535 3337 643 3406 utrique
660 3353 720 3387 cum
740 3339 841 3407 impetu
863 3339 1007 3390 irruerunt.
1028 3341 1142 3390 Ioannes

82 3419 107 3453 rs
122 3423 216 3460 snorum
237 3410 325 3478 copiis
341 3425 397 3461 non
408 3408 500 3458 multis
517 3407 661 3458 admodum
679 3407 795 3471 selectis,
812 3409 910 3459 flumen
932 3407 1046 3471 traiecit,
1066 3417 1093 3460 ct
1113 3409 1153 3458 in*

83 3471 193 3530 i‘sodalos
218 3479 419 3550 impressionem
443 3478 525 3529 iecits
549 3480 668 3530 Tzatson
695 3479 802 3530 fortiter
826 3480 970 3540 sustinens,
991 3487 1018 3530 et
1035 3481 1064 3530 in
1081 3493 1142 3528 cum

81 3558 106 3594 er
121 3547 220 3602 adverso
245 3551 362 3612 irruens,
387 3550 416 3599 in
436 3549 524 3616 sugam
547 3549 646 3599 vertit:
675 3555 758 3618 atque
775 3550 812 3600 ita
830 3549 1006 3619 insequentes
1023 3547 1142 3598 Vandali

81 3615 206 3672 arlflumen
222 3637 309 3690 usqne
334 3626 525 3688 pervenerunt.
562 3633 651 3668 rursus
677 3635 741 3670 vero
763 3619 878 3670 Ioannes
897 3617 1020 3688 pluribus
1039 3635 1070 3669 ex
1093 3619 1144 3668 oe-

81 3680 147 3738 lissrii
163 3691 289 3742 satellitio
314 3691 432 3759 acceptis
448 3691 478 3740 in
495 3689 656 3740 Tautaonesn
681 3705 742 3740 cum
760 3689 875 3742 clamore
895 3699 922 3740 ct
940 3688 1054 3757 strepitu
1075 3689 1143 3740 insi-

81 3751 127 3806 liit:
144 3763 261 3831 serisque
276 3777 365 3831 pogna
382 3760 447 3811 inde
465 3758 582 3810 conflata
601 3765 650 3820 est,
675 3776 729 3829 qua
746 3761 873 3822 Tauiana,
891 3759 1033 3811 Gelimeris
1051 3757 1142 3822 irater,

81 3828 165 3880 cecidit.
198 3841 257 3884 tuna
274 3849 337 3883 sero
350 3831 473 3882 universa
485 3833 660 3881 Romanorum
680 3831 752 3882 acics
772 3831 872 3881 flumen
889 3829 1027 3882 traiieiens
1044 3829 1073 3881 in
1090 3829 1142 3881 ho-

81 3901 121 3946 stes
134 3900 234 3971 irrupit,
258 3911 288 3954 et
310 3904 337 3954 in
356 3903 445 3968 fugam
470 3907 544 3951 actos
569 3899 604 3950 ad
621 3907 705 3951 castro
724 3917 809 3970 usque
826 3915 915 3951 caesos
937 3899 1067 3951 insectata
1086 3907 1140 3952 esl:

79 3975 144 4034 «itque
159 3973 222 4024 iude
251 3989 327 4026 versa
357 3973 426 4023 iacis
452 3969 551 4042 podem
584 3970 716 4034 referens,
736 3972 858 4033 mortuis,
879 3969 992 4020 maxime
1011 3971 1057 4040 qui
1076 3986 1142 4023 auro

80 4047 142 4090 mss
157 4044 318 4110 ornatiores,
336 4044 433 4105 exutis,
457 4040 493 4092 ad
510 4049 593 4092 castra
613 4043 773 4108 remigravit.
820 4041 890 4091 caesi
911 4040 1022 4092 suntin
1040 4055 1072 4092 eo
1089 4059 1142 4112 pu-

79 4119 120 4172 zol
134 4111 526 4185 Romanorumqninqoaginta,
545 4128 579 4163 ex
595 4111 725 4165 Vandalis
743 4111 900 4179 octingenti.
937 4109 987 4164 sub
1005 4128 1141 4184 vesperam
