2817 4659
275 286 358 387 342
681 299 939 366 numenius

271 468 350 529 σθαι
372 465 407 527 ἐν
439 456 601 545 Εδριόπιρ,
622 455 744 536 ἔξεστη,
775 453 829 514 καί
848 445 956 531 πρόσω
976 449 1035 526 μὲν
1063 447 1208 512 δλαόνειν
1228 447 1283 510 οδε
1302 442 1341 508 ἔτι
1394 465 1395 474 ’

271 561 365 644 ἔγνω·
418 553 615 640 Ἀβανδόζην
632 554 669 616 δὲ
690 550 746 616 τόν
767 551 963 632 γραμματέα,
985 537 1086 626 ἄνδρα
1109 545 1254 630 συνετόν,
1275 545 1342 626 πρός

271 656 461 743 Βελισόριον
481 653 631 736 ἔπεμψεν,
650 647 704 715 τόν
717 671 750 713 τε
769 645 939 730 στρατηγόν
964 643 1237 725 κατασκεψόμενον
1249 643 1299 706 xes*
1315 641 1342 707 τό

272 756 482 841 στρατόπεδον
501 753 582 840 τῷδε
596 749 676 836 λόγῳ
698 751 795 832 δῆθεν
811 740 1021 827 μεμφόμενον,
1042 737 1089 806 ότι
1108 741 1259 826 βασιλεός
1275 743 1343 809 Ἰου-

272 855 431 932 στινιανός
452 853 526 928 τοός
546 854 692 936 πρέσβεις
713 849 746 910 ἐν
766 847 907 926 Περσίδι
928 846 984 906 oda
1004 839 1145 924 ἔπεμψεν
1157 841 1215 925 την
1232 841 1363 923 είρῆνηνδ

272 955 554 1039 πρυτανεύσαντας.
605 946 622 1012 ό
654 950 689 1009 δὲ
717 942 905 1028 Βελισοίριος
936 940 1050 1020 paeda
1082 943 1141 1004 rosi
1170 939 1345 1024 πρεσβεόειν

271 1055 366 1141 ἥκειν,
385 1050 479 1126 αὐτὸς
500 1052 560 1132 μὲν
581 1043 811 1128 ἑξακισχιλίους
839 1039 1064 1124 ἐπιλεξάμενος,
1084 1039 1232 1123 εὐμήκεις
1252 1064 1282 1105 τε
1301 1039 1345 1100 καὶ

239 1153 311 1220 Ded
330 1150 461 1232 οιόματα
481 1146 606 1228 καλοός,
626 1140 821 1209 όπαδενιοό
833 1143 1043 1224 στρατοπέδου
1058 1137 1244 1223 κυνηγησειν
1264 1133 1345 1222 ἐξῄει.

272 1253 406 1334 Διογένη
429 1252 465 1312 δὲ
486 1245 542 1311 τόν
576 1242 756 1329 δορυφόρον
783 1241 837 1304 καί
863 1238 1045 1323 Ἀδοόλιον,
1065 1231 1166 1320 ἄνδρα
1184 1238 1345 1318 Ἀρμένιον,

271 1349 327 1415 τόν
347 1345 489 1430 ποταμόν
510 1349 660 1426 διαβῆναι
677 1341 737 1407 σόν
757 1339 887 1404 ἱππεῦσι
902 1342 1019 1420 χιλίοις
1038 1341 1209 1420 ἐκέλευσεν,
1230 1335 1273 1410 air,-
1291 1351 1379 1416 ψη-ιο

273 1446 473 1531 λαφηοοντας
492 1445 549 1527 την
568 1446 626 1507 τοῦ
648 1444 791 1520 ποταμοῦ
810 1439 967 1520 διάβασιν.
1024 1435 1212 1516 Βελισόριος
1232 1437 1269 1500 δὲ
1287 1435 1346 1499 ἄνι’

273 1544 326 1611 τόν
337 1542 532 1628 πρεσβευτὴν
544 1543 636 1626 ίγγός
649 1541 818 1622 ἐρχόμενον
836 1533 925 1623 ἔγνον,
944 1534 1001 1601 τόν
1013 1539 1203 1599 παπυλειῒινα
1224 1531 1346 1615 hilara

273 1645 308 1708 όν
325 1647 432 1731 χωρίῳ
452 1640 568 1731 ε’ρήμηι,
587 1641 777 1721 παραδηλῶν
796 1629 844 1702 ότι
857 1636 992 1724 ου’δεμιᾷ
1015 1636 1198 1719 παρασκευῇ
1218 1635 1346 1698 ἐνταῦθα

272 1738 352 1826 ἥκει.
401 1739 474 1814 τούς
501 1742 538 1804 δὲ
567 1735 764 1820 στρατιώτας
794 1737 974 1812 διεπίτιιξεν
993 1737 1048 1815 τῆς
1068 1733 1126 1814 μὲν
1147 1734 1285 1814 καλύβης
1305 1731 1349 1814 ἐφ’

274 1836 407 1924 ἓκότιρα
427 1833 646 1926 είκαιΘρᾷκας
661 1861 693 1898 τε
714 1835 767 1899 καί
783 1829 953 1916 ’ίλλυρίσυς
965 1836 996 1898 Γ
993 1833 1106 1906 ότθοσς
1127 1853 1161 1895 τε
1181 1831 1236 1894 καί
1252 1829 1345 1894 Ἐλοό·
1357 1831 1382 1892 τό

274 1963 360 2025 ρους,
377 1943 453 2020 μεθ’
473 1935 529 2013 σός
553 1935 755 2018 Ουἀνδηλους
782 1931 835 1998 καί
858 1933 1091 2016 Μαυρουσίους
1112 1935 1169 1995 τοῦ
1190 1953 1224 1993 τε
1246 1931 1346 1993 πεδίου
1394 2005 1395 2032 ,

178 2048 206 2099 P.
221 2041 492 2118 ιδγέπιπλεῖστον·
543 2034 706 2118 διηκόνουν
737 2032 795 2115 γὰρ
817 2027 837 2117 ἢ
858 2035 903 2107 είς
920 2031 974 2098 ἕνα
995 2029 1100 2116 τόπον,
1122 2031 1191 2094 ἀλλ’
1210 2027 1348 2110 ἐβάδιζον
1394 2035 1395 2068 l

173 2150 206 2204 V.
220 2137 501 2222 rdqsilsooo'pseaos,
531 2135 574 2210 σός
592 2136 813 2217 κυνηγοῦντες,
833 2133 888 2196 καί
912 2135 1092 2214 παρέργως,
1112 2128 1146 2194 τό
1167 2132 1286 2213 δοκεῖν,
1305 2126 1349 2192 τόν

277 2238 426 2320 Χοσρόου
449 2233 644 2320 πρεσβευτὴν
663 2231 812 2314 ἔβλεπον·
855 2231 1057 2310 διεζωσμέναι
1079 2253 1112 2294 τε
1135 2230 1283 2310 ἐβάδιζον
1304 2225 1349 2289 καί

278 2339 414 2425 φαιδροί
431 2334 471 2401 τό
493 2332 657 2420 πρόσωπα,
679 2333 817 2408 πελέκεις
832 2329 1035 2414 βαστάζοντες
1056 2332 1110 2394 καί
1126 2327 1312 2412 μεναόλους.
1333 2325 1382 2388 δυο

352 2599 372 2634 ι.
390 2583 490 2652 πρόσω
506 2583 561 2654 μὲν
593 2582 720 2638 ἐλαύνειν
735 2599 767 2646 a,
792 2575 863 2652 πρός
880 2577 897 2636 δ
912 2581 967 2653 μὲν
985 2581 1114 2637 ἐλαύνειν
1139 2581 1165 2643 b.
1182 2575 1256 2652 πρός
1273 2579 1288 2636 ὃ
1303 2581 1349 2646 μὲν
1393 2593 1394 2602 ’

345 2653 493 2721 §harere
511 2653 610 2723 svulg.
679 2671 704 2722 γ.
723 2649 928 2725 ἀπολεξάμενος
945 2669 969 2704 e.
1057 2654 1082 2704 8.
1105 2654 1167 2704 sort
1184 2653 1349 2724 τυνηγῆοιιν.

276 2878 509 2922 castrametatum
528 2869 675 2932 intellexit,
692 2869 780 2923 haesit
792 2871 931 2934 attonitus,
952 2879 981 2922 et
997 2887 1053 2922 non
1071 2871 1142 2923 ultra
1160 2870 1283 2941 progredi
1302 2877 1349 2920 sta-

276 2942 338 3005 tuit,
355 2943 422 3011 quin
441 2942 531 3010 potius
546 2939 726 3004 Abandasem,
745 2941 793 3011 qui
813 2942 838 2993 ei
856 2940 890 2992 ab
916 2941 1038 3010 epistolis
1066 2949 1094 2994 et
1117 2941 1146 2993 in
1165 2941 1245 2993 rebus
1265 2957 1352 3010 geren-

278 3011 319 3062 dis
336 3013 378 3062 sir
397 3020 522 3063 strenuus
541 3021 619 3074 erat,
644 3012 721 3082 quasi
751 3011 938 3082 praetexendis
958 3013 1143 3082 querimoniis,
1165 3013 1240 3086 quod
1259 3014 1352 3080 legatas

276 3081 311 3132 de
328 3079 401 3150 pacis
425 3081 580 3134 foederibus
607 3081 745 3134 servandis
773 3090 931 3134 tractaturos
948 3083 1093 3152 imperator
1120 3084 1286 3135 lastinianus
1303 3097 1353 3133 non
1392 3119 1393 3132 t

276 3151 392 3204 misisset
417 3153 445 3202 in
471 3152 620 3215 Persidem,
638 3161 667 3204 at
689 3154 777 3222 reipsa
795 3159 888 3205 ducem
909 3154 995 3222 ipsum
1022 3161 1050 3205 et
1078 3155 1135 3206 eius
1160 3155 1305 3206 exercitum
1330 3158 1353 3200 et

277 3230 362 3275 castra
380 3222 589 3291 exploraturum,
601 3222 753 3275 destinavit.
790 3240 851 3276 eum
868 3224 1009 3292 legationis
1047 3225 1114 3275 ratia
1134 3224 1266 3294 proficisci
1281 3221 1353 3274 audi-

277 3308 325 3344 ens
345 3292 500 3356 belisarius,
525 3295 583 3364 ipse
603 3292 751 3357 huminum,
777 3311 890 3364 quorum
908 3241 1062 3364 magnitudo
1083 3296 1258 3365 corporisque
1276 3295 1353 3345 fruma

278 3363 390 3432 reliquis
416 3363 579 3432 praestabat,
599 3365 719 3416 millibus
737 3379 783 3416 sex
810 3365 920 3426 electis,
942 3380 958 3415 a
977 3365 1070 3416 castris
1088 3366 1215 3417 nonnibil
1234 3367 1354 3417 remotius

277 3434 354 3505 quasi
382 3444 529 3486 venaturus
554 3437 693 3506 processit.
731 3451 808 3557 porro
838 3435 985 3504 Diogenem
1009 3435 1154 3487 satellitem
1179 3444 1206 3488 et
1234 3435 1355 3487 Adulium

276 3506 362 3557 virum
389 3505 541 3557 Armenium
559 3525 619 3558 cum
642 3508 729 3577 equiti
752 3523 781 3557 us
804 3505 880 3557 mille
901 3507 977 3576 quasi
1003 3505 1121 3557 flsrminis
1146 3506 1212 3556 vada
1233 3515 1355 3576 expertu-

278 3575 446 3638 ris,llu1nen
469 3577 592 3628 traiicere
617 3577 765 3647 imperauit.
811 3583 945 3628 ueterum
979 3575 1025 3628 ubi
1049 3577 1167 3644 legatum
1198 3579 1251 3628 ian
1268 3575 1356 3626 adesse

277 3646 410 3714 cognorit,
425 3647 455 3697 in
473 3648 533 3699 loco
551 3645 666 3710 deserto,
684 3655 812 3718 tanquam
831 3656 959 3717 apparatu
977 3647 1070 3698 relicto
1089 3657 1118 3698 et
1144 3647 1248 3716 absque
1260 3663 1359 3715 propo-

277 3717 330 3769 sito
342 3732 370 3768 se
388 3715 526 3769 advenisse
539 3717 710 3786 signiticaret,
730 3717 899 3788 papylionem
914 3719 984 3770 linit:
1003 3718 1103 3770 milites
1116 3725 1206 3770 autem
1224 3717 1257 3768 ad
1270 3725 1358 3768 tento-
1391 3717 1392 3764 l

278 3788 310 3838 rii
327 3794 471 3854 utrumque
487 3787 558 3839 latus
578 3789 656 3839 iussit
673 3791 818 3842 consistere
829 3788 959 3858 (Threces
977 3797 1054 3840 erant
1072 3789 1123 3850 illi,
1141 3789 1236 3856 illyrii,
1254 3785 1358 3845 Gattbi,

276 3857 364 3918 illuri,
384 3857 481 3928 quibus
511 3859 591 3909 etiam
612 3856 728 3909 Vandali
755 3867 782 3911 et
800 3859 930 3911 Maurusii
948 3859 1054 3910 inerant
1072 3858 1206 3930 adiuncti)
1225 3867 1254 3910 et
1272 3859 1358 3928 plani-

275 3927 323 3977 tiei
351 3929 467 3998 spatium
484 3929 627 3998 plurimum
642 3945 790 3998 occupares
811 3929 992 3982 ministrantes
1003 3930 1105 3999 quippe
1123 3947 1179 3981 non
1198 3929 1358 3982 referebffl·

274 4013 326 4047 nec
344 4013 398 4048 uno
416 4015 446 4050 se
463 3999 525 4051 loeo
542 3998 735 4064 continebant;
756 3999 802 4052 sed
823 4000 888 4052 binc
907 4000 971 4052 inda
988 4000 1164 4069 agglomerati
1183 4008 1211 4052 et
1225 4007 1357 4067 vagantes.

273 4074 431 4120 senatorum
459 4085 534 4120 more
562 4068 763 4134 discurrebantr
789 4069 877 4122 obiter
909 4087 990 4134 sero,
1018 4078 1046 4122 et
1062 4072 1139 4154 quasi
1157 4070 1235 4122 aliud
1252 4079 1356 4138 agentes

273 4131 400 4186 Cbosrois
428 4138 547 4208 legatum
569 4157 599 4193 se
616 4138 706 4195 sidere
731 4139 908 4195 simulabant:
936 4151 964 4194 et
990 4141 1136 4212 praecincti
1164 4141 1300 4212 alioquin,
1332 4147 1356 4190 et
