2817 4659
256 200 342 286 286
673 223 930 290 umorumrs

244 380 347 442 ’θοντο
367 374 467 440 αδτόν
498 378 534 442 ἐν
559 377 598 463 κη’
623 377 764 460 φυλακῇ.
813 371 972 436 ἀπίθανον
1000 372 1036 436 δὲ
1057 373 1097 458 τῇ
1116 370 1217 460 ἡμίρρ
1234 373 1314 460 ἐκείνη

253 475 396 559 χιλιάδες
414 471 579 558 τριάκοντα
599 477 689 538 πέντε
709 474 844 556 α’νδραῑν.
886 469 940 542 καί
959 471 1016 534 osis
1038 467 1086 534 ἔτι
1106 474 1249 556 ἐφαίνετο
1274 476 1316 556 δη-

252 576 354 660 μότης
371 571 512 639 ποόποτε·
552 576 622 666 αλλ’
639 574 758 654 ἐγένετο
780 569 898 654 ἡσυχία
914 571 951 656 τῇ
970 567 1073 654 ἡμέρᾳ
1094 573 1202 658 ἐκείνη.
1241 573 1275 658 τῇ
1290 575 1317 634 δὲ

254 673 407 758 όπαόριον
427 669 611 758 ἐσφάγησαν
633 668 782 745 Ὑπάνιος
808 669 864 734 καί
883 665 1052 752 Πομπηΐας
1080 667 1099 732 ό
1121 667 1256 754 ἀδελφός
1272 669 1318 734 αό-

254 777 331 838 rosi·
372 780 427 838 καί
454 777 570 857 ἐρρίφη
601 769 641 836 τά
669 767 801 849 σαόματα
829 769 935 832 αδτοόν
955 771 989 832 ἐν
1016 769 1056 854 τῇ
1078 766 1242 856 θαλάσση·
1277 770 1336 833 xcii

226 870 477 957 Βέδημεόθησαν
507 869 537 935 οό
569 863 649 934 οἶκοι
669 870 784 954 πιόταόν,
805 867 884 950 μετά
911 866 966 930 καί
986 859 1089 933 ἄλλων
1108 865 1148 953 ιη’
1170 869 1318 952 πατρικίων

252 973 309 1035 καί
334 969 538 1054 ι’λλοοστρίοον
563 973 618 1034 καί
644 964 801 1034 άπατικοόν
826 969 1062 1051 δημευθέντων,
1093 965 1136 1044 οός
1157 969 1319 1052 συνδρόμων

249 1072 410 1136 Ὑπατίου.
459 1069 515 1133 καί
537 1070 656 1152 ίχὲνετο
685 1067 785 1152 φόβος
805 1071 914 1150 μέγας,
941 1069 996 1130 καί
1018 1064 1177 1150 ἡσύχασεν
1197 1065 1217 1150 ἡ
1238 1067 1318 1143 πόλις,

255 1173 312 1234 καί
331 1161 388 1234 οόκ
407 1160 495 1252 ἤχθη
515 1164 643 1232 ἱππικόν
664 1169 717 1232 ἐπί
740 1163 845 1230 ἱκανόν
863 1161 986 1248 χρόνον.

163 1288 168 1302 ’
278 1263 284 1288 “
339 1269 391 1356 Τῷ
410 1269 442 1331 δ’
457 1267 544 1354 αὐτῷ
568 1264 634 1332 ἔτει
654 1269 710 1331 καί
738 1265 878 1349 α’στέροτν
898 1269 1003 1348 γέγονε
1024 1261 1142 1350 δρόμος
1163 1261 1352 1342 πολόςάκόιο

254 1365 389 1450 ἑσπέρας
419 1364 479 1442 ἕως
508 1358 640 1448 αόγους·
691 1361 772 1430 οἷστε
799 1365 920 1438 πάντας
943 1367 1172 1448 ἐκπλήττεσθαι
1201 1367 1254 1428 καί
1278 1369 1319 1426 λε’.

253 1489 329 1549 γειν,
351 1460 399 1530 ότι
419 1462 450 1529 ot
468 1465 599 1551 ἀστέρες
618 1465 806 1544 πίπτουσιν,
825 1461 883 1556 Ικοί
899 1464 955 1528 osis
976 1461 1105 1544 οἴδαμέν
1126 1487 1203 1529 ποτε
1220 1467 1320 1530 τοιοότο

225 1568 394 1652 ὒπράγμα.
618 1626 621 1638 ,

98 1673 246 1743 &moras
332 1663 456 1750 Ῥιόμης
476 1659 647 1730 ἐπισκόπου
668 1662 817 1728 Ἰωάννου
839 1657 908 1738 ἔτος
929 1662 967 1725 α’.

340 1760 448 1852 Τοάτιρ
466 1767 511 1850 τη]
530 1761 594 1828 ἔτει
616 1763 769 1848 Θεοδοόρα
792 1761 812 1844 ἦ
833 1756 1044 1845 εὐσεβεστάτη
1070 1759 1227 1845 αδχοῦστα
1247 1761 1353 1842 illl-15

252 1865 374 1938 θενεῖς
394 1862 434 1928 τό
455 1861 562 1945 θερμά
582 1861 803 1928 τῶνΠοθιόνν
826 1865 885 1926 τοῦ
905 1865 1075 1942 θερμίσαι·
1116 1863 1174 1926 καί
1193 1863 1320 1943 συνεξῆλ-

250 1969 311 2029 θον
333 1961 424 2049 αὐτῇ,
449 1957 469 2025 δ
488 1985 524 2026 τε
544 1964 707 2044 πατρίκιος
728 1963 843 2044 Μηνᾶς
870 1958 888 2024 δ
910 1959 1049 2046 ἔπαρχος
1068 1963 1124 2024 καί
1142 1959 1159 2026 ό
1179 1964 1321 2044 πατρίκιος

249 2062 360 2139 Ἠλίας
380 2061 397 2125 δ
417 2059 516 2147 κόμης
535 2063 597 2128 τεόν
614 2052 832 2144 λαργιτιόόοον,
855 2061 909 2124 καὶ
930 2051 1021 2124 άλλοι
1042 2065 1211 2144 πατρίκιοι,
1233 2055 1321 2124 καόοό

249 2158 503 2246 κουβικουλάριοι
529 2159 586 2226 καί
611 2156 792 2243 σατράπαι,
818 2157 962 2241 χιλιάδες
983 2162 1150 2246 τέσσαρες·
1191 2157 1246 2224 καί
1260 2163 1321 2221 πολ.

249 2259 290 2326 λά
310 2266 481 2346 ἐχαρίσατο
511 2269 582 2338 ταῖς
611 2261 787 2344 ἑκκλησιαις
810 2257 866 2322 καί
895 2260 1058 2342 πτωχειόις
1077 2260 1219 2335 καὶτοῖς
1237 2275 1353 2341 μονα-το

249 2367 398 2448 στηρίοις.

318 2481 344 2532 5.
362 2469 397 2531 τά
415 2478 477 2530 add.
495 2495 530 2530 ex
548 2479 580 2530 A.
669 2460 714 2530 ⁰16.
733 2475 783 2530 τοῦ
801 2495 854 2530 om.
874 2479 904 2528 Δ.
987 2477 1170 2545 ,συνεξῆλθον
1187 2479 1219 2544 Α,
1235 2477 1320 2544 συνόλ-

316 2548 488 2689 millet.
555 2549 594 2632 νδ.
613 2547 801 2622 λαργιτιόνιιν
818 2551 840 2601 t
857 2565 888 2610 a,
906 2551 1095 2620 λαργιτιιινοῐν
1114 2551 1187 2619 vulg.
1285 2565 1319 2600 aa.

249 2739 285 2792 etl
300 2739 412 2808 triginta
434 2739 674 2809 quinquemillia:
700 2755 752 2790 nec
769 2738 841 2790 ullus
858 2740 906 2810 qui
933 2739 1044 2792 factioni
1064 2741 1182 2811 cuipiam
1200 2749 1266 2794 osset
1279 2737 1320 2790 arl-

249 2809 336 2864 ‹lictus
361 2811 477 2862 occurrit
500 2809 594 2862 ullibi:
616 2811 682 2880 quia
703 2811 782 2862 immo
807 2819 901 2862 cuncta
926 2827 1026 2863 summa
1054 2811 1252 2882 tranquillitate
1269 2817 1321 2862 sunt

249 2881 404 2950 compotita.
440 2881 567 2952 sequenti
583 2881 642 2932 luce
660 2881 792 2949 Hypatius
812 2890 840 2934 et
856 2881 997 2950 Pompeius
1018 2883 1076 2934 eius
1093 2882 1177 2935 irater
1194 2885 1284 2945 necati,
1299 2889 1322 2931 et

250 2968 343 3004 eorum
360 2949 488 3005 cadavera
507 2952 537 3004 in
562 2969 636 3003 maro
660 2951 789 3020 proiecta,
814 2951 950 3023 aedesque
973 2951 1081 3004 illorum
1102 2953 1262 3024 publicatae,
1277 2969 1321 3003 una

250 3039 310 3074 cum
334 3022 449 3076 aliorum
476 3022 650 3092 patriciorum
682 3023 712 3074 ιδ
741 3031 768 3075 et
786 3021 932 3075 illustrium
959 3033 988 3076 et
1011 3024 1206 3090 consularium,
1223 3039 1320 3096 quorum

250 3093 392 3144 facultates
415 3095 584 3163 imperatoris
609 3093 711 3144 aerario
743 3092 875 3156 addictae,
900 3093 973 3164 quod
990 3111 1019 3147 κε
1038 3095 1151 3164 Hypatii
1169 3096 1283 3149 lautores
1299 3101 1322 3144 rt

249 3164 405 3216 auxiliarios
432 3163 628 3234 praebuissent
671 3179 783 3231 magnus
803 3163 901 3216 exinde
925 3173 1011 3218 terror
1031 3168 1134 3218 animos
1151 3171 1267 3220 omnium
1285 3167 1322 3216 iu·

249 3235 335 3297 cessit,
354 3233 418 3286 urba
437 3236 597 3288 tumultuari
615 3233 728 3298 destitit,
746 3251 798 3287 nec
811 3253 867 3288 non
879 3237 929 3288 nisi
946 3237 1027 3306 longo
1047 3247 1109 3308 post
1125 3239 1214 3309 spatio
1232 3240 1322 3291 circeu-

249 3324 290 3360 νει
310 3303 377 3357 editi
397 3314 460 3358 suut
476 3305 544 3358 ludi.

320 3376 379 3428 lloc
398 3373 494 3431 coelem
512 3395 582 3430 anno
600 3393 743 3446 uespere
766 3373 801 3428 ad
820 3376 1006 3445 crepusculum
1022 3377 1187 3432 matutinum
1204 3387 1322 3432 astrorum

251 3463 395 3500 concursus
414 3447 508 3514 ingens
525 3449 596 3498 vicus
616 3455 671 3510 est,
698 3445 766 3500 adeo
785 3454 816 3500 ut
834 3465 927 3500 omnes
943 3457 1017 3502 metu
1036 3451 1183 3502 exanimati
1201 3450 1324 3502 uolans-

252 3526 327 3571 reut:
350 3515 476 3571 cadunte
493 3519 569 3570 caclo
588 3518 691 3582 stellae,
710 3533 889 3590 necunquam
908 3535 962 3572 rem
980 3527 1099 3574 monstro
1117 3527 1173 3572 tam
1188 3521 1323 3591 proximam

115 3606 562 3730 Atc'fflcoprppplpppspphmpi
581 3659 690 3710 loannis
708 3674 792 3710 annus
810 3659 921 3730 primus.

322 3731 382 3783 iloc
398 3747 468 3786 anno
481 3727 625 3780 Theodora
640 3729 758 3798 piissima
772 3738 884 3798 augusta
901 3728 935 3782 nd
955 3729 1055 3782 calidas
1069 3728 1226 3798 l'ptlaiorurn
1244 3743 1325 3798 aquati,

254 3799 352 3869 quibus
368 3818 463 3872 corpus
482 3799 585 3852 foveret
602 3814 633 3850 sc
651 3800 780 3863 reliceret,
799 3801 920 3870 profecta
938 3809 990 3852 est:
1017 3801 1076 3854 riae
1099 3803 1186 3856 socios
1204 3799 1326 3852 ‹ledrmm

254 3887 284 3922 se
304 3872 432 3940 patricius
450 3871 544 3923 Menas
567 3870 736 3939 praefectus,
754 3871 882 3941 patricius
900 3872 969 3924 Elias
988 3871 1162 3940 largitionum
1187 3887 1287 3932 comes,
1303 3877 1326 3918 et

254 3941 303 3991 alii
320 3942 436 4010 patricii,
454 3957 576 3994 necnon
594 3939 753 3992 cubicularii
772 3949 801 3994 et
819 3943 961 4012 optimates
978 3941 1012 3996 ad
1031 3951 1149 4012 quatuor
1167 3943 1261 3996 millia.
1288 3939 1326 3990 in-

255 4019 361 4077 gentem
377 4029 456 4084 porro
475 4012 648 4080 pecuniarum
666 4012 721 4066 visu
734 4013 763 4066 in
780 4013 913 4079 ecclosias,
930 4029 1078 4086 pauperum
1096 4014 1215 4085 hospitia
1234 4022 1261 4066 et
1276 4027 1327 4062 rno-

254 4082 370 4134 materia
389 4081 536 4136 distribuit.
